1800 2981
813 87 1069 127 -16-

169 200 247 243 tes,
286 192 489 245 finguntur
528 192 692 243 »ἄνδρες
722 194 1004 243 ἐπικεκυφότες
1043 193 1111 231 καί
1145 193 1501 243 κατωχριώμενοι“
1541 193 1607 240 (cf.
1637 206 1696 246 cp.

165 255 245 303 23).
303 254 440 309 Capite
467 255 531 295 26.
561 254 601 293 in
629 254 737 294 initio
765 254 976 308 interrogat
1004 253 1201 308 Triephon
1234 254 1419 294 amicum:
1456 259 1510 294 Τι’
1533 255 1574 294 δὲ
1604 256 1699 306 πρὸς

164 318 297 354 ταῦτα
328 316 508 367 ἔφησαν,
541 313 571 355 αἶ
601 317 697 355 καλὲ
726 317 891 367 Κριτία,
922 316 957 354 οἱ
988 316 1220 367 κεκαρμένοι
1249 317 1319 367 τήν
1347 316 1427 367 γνιό
1460 332 1509 368 ην
1536 317 1604 355 καί
1628 318 1698 367 τήν

165 378 374 427 διάνοιανς
403 383 440 416 et
464 377 581 431 paulo
600 383 687 431 ante
707 376 769 426 (cf.
795 389 854 430 cp.
874 377 957 431 21.)
986 382 1117 417 auctor
1145 376 1311 430 aliquem
1340 378 1408 416 chr
1441 377 1586 417 tianum
1615 391 1696 417 ora-

164 446 286 478 torem
315 453 337 477 a
357 438 666 478 Chleuocharmo
685 439 758 477 hoc
780 438 896 479 modo
923 438 1085 478 describi
1114 438 1223 478 facit:
1264 468 1284 487 ,‚
1300 468 1310 477 .
1327 470 1335 479 .
1352 470 1360 478 .
1376 440 1599 487 ἐπεδείξατό
1627 456 1694 488 μοι

167 516 228 546 τις
257 501 496 549 κακοείμων,
527 501 567 548 ἐξ
592 500 719 551 ὀρέων
739 500 1070 551 παραγενόμενος,
1099 492 1339 551 κεκὰρμένος
1357 501 1427 552 τήν
1446 501 1571 552 κόμην
1584 530 1593 540 .
1610 530 1618 539 .
1635 531 1644 539 .
1660 505 1694 538 .“

165 562 496 602 Chleuocharmus
525 561 653 615 prodit
680 561 894 612 τριβώνιον
924 562 1030 613 ἔχων
1058 562 1359 614 πολύσανθρον,
1395 562 1629 609 α’νυπόδετός
1656 578 1696 601 τε

162 624 230 663 καί
258 623 491 669 ἅσκεπος...
509 626 528 645 “
567 628 646 677 (cp.
674 625 769 670 21.).
824 622 914 662 Huc
941 622 1106 673 accedit,
1143 623 1247 676 quod
1279 623 1419 664 Critias
1455 629 1532 677 (op.
1562 623 1645 671 23.)
1666 626 1695 671 ¹)

164 684 419 725 introducitur
454 685 495 724 in
525 684 681 725 domum
711 684 904 738 quandam
933 684 1215 735 absconditam,
1253 699 1369 738 quam
1404 685 1601 725 ecclesiam
1628 699 1696 739 pu-

163 754 245 786 tare
282 760 327 785 eo
369 752 563 796 vetamur,
602 746 707 799 quod
741 759 867 798 neque
903 746 951 785 de
987 746 1210 786 mulieribus
1247 760 1372 799 neque
1401 745 1448 785 de
1487 747 1695 786 infantibus

162 807 375 860 quidquam
405 806 593 848 audimus,
649 806 726 846 Eas
754 808 803 846 ob
832 820 964 846 causas
994 808 1161 846 maxime
1189 814 1484 847 consentaneum
1513 815 1587 857 est,
1626 822 1694 848 nos

162 868 333 921 cogitare
370 867 418 906 de
454 868 651 907 monachis
680 875 837 908 tonsura
871 868 1074 921 insignitis.
1127 867 1219 908 Jam
1249 882 1339 909 vero
1366 875 1533 919 constat,
1571 871 1694 918 μονά-

160 946 281 981 χους,
320 942 441 982 quum
471 929 752 982 α’ναχωρηταί,
782 931 970 981 ἑρημῖται
999 930 1075 968 iam
1113 931 1226 970 tertio
1255 945 1293 983 p.
1323 929 1396 970 Ch.
1426 944 1465 970 n.
1491 930 1644 970 saeculo
1672 946 1695 970 a

167 992 327 1045 strepitu
354 991 502 1030 urbano
529 992 569 1029 in
600 991 844 1031 solitudinem
873 991 1101 1031 decederent
1117 993 1163 1041 ²),
1197 998 1333 1044 quarto
1361 992 1515 1031 demum
1542 992 1694 1032 saeculo

159 1054 376 1094 societatem
407 1053 638 1102 (κοινόβιον,
667 1053 893 1100 claustrum)
911 1051 942 1100 ³)
970 1052 1119 1104 iniisse;
1139 1066 1250 1093 anno
1278 1054 1378 1093 enim
1409 1053 1498 1094 340.
1544 1053 1695 1093 Taben-

160 1129 245 1165 nae,
273 1115 314 1154 in
340 1114 466 1154 insula
495 1114 590 1165 Nili,
621 1115 872 1154 Pachomium
901 1114 1067 1168 primum
1095 1128 1299 1155 commune
1325 1114 1600 1155 monachorum
1629 1116 1693 1156 do-

160 1177 344 1215 micilium
372 1176 600 1225 instituisse,
635 1176 842 1215 memoriae
870 1175 1064 1229 proditum
1094 1182 1160 1216 est.
1215 1177 1278 1215 Ex
1305 1177 1492 1231 Aegypto
1519 1191 1562 1217 ea
1590 1178 1692 1216 insti·

160 1238 254 1278 tutio
292 1243 423 1290 postea
459 1237 644 1276 translata
681 1244 738 1278 est
772 1238 811 1276 in
849 1238 1128 1287 Palaestinam,
1171 1239 1234 1277 ubi
1272 1238 1436 1278 Basilius
1475 1238 1641 1291 Magnus
1660 1243 1691 1287 ⁴)

161 1299 408 1351 (329-379)
445 1299 524 1338 eius
552 1299 657 1337 modi
685 1299 873 1338 coloniam
903 1299 1075 1337 condidit
1103 1298 1313 1339 Caesareae
1340 1299 1495 1349 Novae,
1535 1300 1625 1339 inde
1652 1301 1692 1339 in

160 1359 297 1414 Syriae
325 1354 420 1399 fines
448 1360 616 1400 intravit.
673 1360 819 1399 Verum
849 1359 1026 1414 Byzantii
1055 1360 1125 1400 sub
1153 1359 1301 1400 Juliani
1333 1361 1493 1414 imperio
1520 1361 1596 1400 iam
1624 1375 1692 1416 per

160 1422 354 1475 quoddam
387 1422 569 1474 temporis
605 1424 769 1474 spatium
807 1422 1012 1461 monachos
1052 1422 1191 1471 fuisse,
1235 1437 1311 1461 non
1354 1423 1585 1462 credendum
1623 1431 1691 1463 est.

160 1483 284 1535 Atqui
312 1482 346 1521 ei
375 1480 574 1530 monachi,
614 1482 751 1534 quibus
779 1482 816 1520 in
846 1482 1110 1535 Philopatride
1138 1483 1388 1532 occurrimus,
1425 1484 1499 1522 iam
1527 1486 1628 1522 fama
1657 1490 1694 1523 et

163 1544 387 1584 auctoritate
424 1543 649 1582 fruebantur
665 1547 721 1592 ⁵),
765 1544 906 1597 quippe
942 1558 1037 1596 quos
1080 1551 1211 1583 auctor
1252 1544 1393 1583 salibus
1437 1546 1515 1584 suis
1556 1544 1692 1598 dignos

159 1619 240 1645 essc
268 1610 452 1646 censeret.
509 1604 755 1658 Quapropter
781 1605 848 1644 illa
875 1606 1026 1658 imago,
1067 1619 1165 1658 quae
1191 1606 1231 1645 in
1261 1606 1416 1659 dialogo
1445 1608 1492 1646 de
1520 1607 1690 1646 obscuris

160 1667 373 1707 christianis
411 1672 448 1707 et
475 1667 609 1720 procul
643 1682 665 1706 a
695 1667 754 1706 via
791 1667 945 1721 publica
978 1667 1043 1715 (cf,
1073 1680 1132 1721 cp.
1162 1667 1246 1711 23.)
1275 1668 1534 1708 habitantibus
1562 1668 1691 1708 adum—

159 1731 303 1778 bratur,
332 1735 560 1780 argumenta
580 1727 743 1768 Gesneri
773 1729 950 1768 omnibus
969 1730 1138 1768 numeris
1166 1730 1333 1782 perfecta
1360 1738 1397 1769 et
1419 1732 1594 1771 absoluta
1612 1745 1692 1770 esse

159 1804 238 1830 non
266 1790 418 1843 patitur.

285 1851 445 1891 Restant
472 1851 548 1891 duo
575 1852 744 1905 scrupuli
774 1853 886 1904 eique
915 1852 1144 1905 gravissimi,
1174 1866 1271 1905 quos
1299 1854 1329 1891 si
1352 1853 1436 1905 quis
1455 1853 1589 1893 sedulo
1608 1867 1691 1907 per-

160 1913 354 1965 penderit,
384 1926 469 1951 cum
500 1911 677 1952 Gesnero
705 1913 770 1951 vix
797 1913 962 1966 amplius
992 1914 1223 1963 consentiet3
1267 1914 1351 1953 dico
1379 1922 1415 1953 et
1442 1915 1576 1954 seriem
1606 1929 1690 1953 con-

161 1975 364 2024 viciorum,
402 1989 501 2027 quae
535 1975 574 2013 in
603 1974 805 2026 gentilium
844 1974 935 2013 deos
963 1975 1101 2013 collata
1129 1974 1303 2013 videmus
1333 1976 1397 2022 (cf.
1428 1990 1485 2028 cp.
1514 1977 1690 2027 4—12.),

222 2196 242 2236 ¹)
265 2194 430 2227 Docemur
451 2194 514 2227 hoc
536 2193 609 2226 loco
632 2195 687 2234 (ἐς
702 2194 922 2236 χρυσόροφον
937 2194 1030 2227 οἶκον
1055 2194 1326 2237 ἀνῆλθομεν...)
1350 2196 1540 2228 interiorem
1561 2196 1691 2229 domum

268 2245 441 2286 magnifice
465 2249 659 2277 exornatam
682 2244 803 2287 fuisse,
832 2251 866 2279 et
887 2246 1212 2288 comprehendimus,
1243 2251 1409 2280 auctorem
1431 2256 1609 2288 pauperem
1632 2247 1691 2289 (cf.

268 2306 319 2337 cp.
343 2296 400 2329 29:
424 2295 521 2331 οἶδας
547 2297 615 2337 γὰρ
638 2297 700 2335 τὴν
724 2297 808 2339 ἐμὴν
831 2300 961 2333 πενίαν,
989 2296 1034 2332 ὠς
1059 2299 1125 2338 ἐγὼ
1149 2298 1192 2329 τὰ
1217 2298 1280 2337 σὰ)
1302 2298 1445 2338 aliquem
1467 2298 1621 2332 claustris
1644 2298 1690 2330 di-

264 2348 375 2390 vitias,
399 2347 518 2388 quibus
541 2347 755 2381 abundabant
778 2352 811 2380 et
834 2347 1121 2389 circumfluebant,
1145 2348 1314 2383 invidisse.

218 2401 242 2441 ²)
266 2399 317 2431 Cf.
341 2399 448 2440 Alzog
470 2399 493 2431 l.
518 2409 545 2432 c.
567 2409 600 2441 p.
624 2399 698 2432 203.

212 2453 241 2491 ⁸)
267 2450 315 2482 Cf.
340 2450 447 2491 Alzog
468 2460 501 2492 p.
526 2450 601 2485 315.

211 2504 241 2542 ⁴)
264 2502 299 2534 ln
331 2501 417 2535 libro
447 2502 504 2543 qui
536 2501 716 2543 inscriptus
750 2505 817 2535 est:
857 2501 1121 2542 „Lebensbilder
1151 2497 1211 2535 der
1240 2502 1432 2545 Heiliqeffl,
1461 2502 1541 2536 krit.
1571 2503 1689 2536 histor.

265 2554 460 2596 daryestellt
480 2564 547 2587 von
570 2553 636 2586 Dr.
663 2553 723 2586 Th.
742 2552 871 2586 Stabezz
890 2555 971 2593 (aus
995 2553 1066 2587 dem
1083 2553 1186 2594 Stif'te
1207 2555 1246 2587 in
1270 2551 1318 2587 St.
1333 2554 1433 2587 Peter
1451 2565 1494 2587 zu
1509 2553 1691 2597 salzbury)

265 2609 283 2638 1
314 2605 380 2638 Bd.
399 2614 438 2646 p.
463 2606 540 2645 792,
561 2604 645 2637 haec
668 2604 796 2637 inveni:
830 2605 1009 2646 „Basilius
1033 2604 1136 2647 beqab
1158 2605 1230 2638 sich
1253 2605 1322 2645 auf
1331 2604 1467 2645 Reisen,
1488 2606 1582 2639 nieht
1603 2605 1690 2638 nach

268 2656 559 2698 Constantinopel,
582 2667 637 2689 um
659 2667 714 2689 am
735 2656 960 2690 kaiserlichen
976 2656 1067 2697 Hose
1081 2667 1137 2689 um
1151 2656 1273 2690 Ehren
1295 2656 1368 2689 und
1388 2655 1541 2691 warczen
1553 2667 1596 2691 eu
1611 2657 1689 2690 buh-

266 2709 320 2741 len
342 2727 384 2732 —
406 2709 555 2741 sondern
582 2709 671 2741 nach
693 2709 885 2751 Aeqypten,
919 2708 1062 2750 Syrien,
1088 2708 1310 2749 Palaestina,
1343 2719 1397 2741 um
1421 2733 1449 2741 ..
1465 2733 1472 2740 .
1488 2732 1495 2741 .
1519 2709 1573 2742 die
1594 2710 1688 2751 ylau·

265 2759 511 2793 bensreichsten
533 2760 730 2793 Einsiedler
750 2770 794 2793 zu
815 2759 978 2793 besuchen
1000 2770 1034 2792 u.
1060 2768 1086 2792 s.
1107 2770 1149 2793 w.

213 2814 239 2850 ⁸)
264 2811 315 2843 Cf.
332 2820 383 2853 cp.
404 2810 463 2844 26:
489 2835 588 2852 .....
601 2812 643 2842 τὰ
667 2810 735 2852 γάρ
759 2812 852 2853 παρὰ
870 2812 935 2843 τῶν
953 2808 1100 2843 ἀστικῶν
1115 2811 1349 2854 θρυλλούμενα
1374 2814 1451 2852 περὶ
1478 2809 1688 2854 ὑμῶν....“.
