1800 2981
825 96 1056 136 ..8-

176 200 298 249 tione,
337 215 414 252 qua
451 207 583 240 auctor
619 216 659 241 se
695 202 929 254 antiquitatis
967 202 1092 241 studia
1118 201 1340 254 amplexum
1368 214 1449 241 esse
1477 208 1641 241 ostentat
1661 202 1702 254 ¹).

175 260 276 314 Nam
306 276 421 314 quam
450 262 615 315 plurima
644 270 767 317 potest
794 278 843 303 ex
862 263 1023 304 Homeri
1051 262 1290 317 mytholog-ia
1320 277 1365 301 ac
1392 263 1600 316 permultos
1620 276 1702 303 ver-

174 336 239 362 sus
267 336 315 362 ex
346 323 418 362 boc
444 330 557 376 poeta
585 331 623 364 et
648 338 697 364 ex
728 326 989 379 Aristophane
1015 332 1092 364 tam
1120 325 1298 377 flagranti
1324 325 1450 364 studio
1476 324 1634 377 arripit,
1664 331 1704 363 ut

174 384 415 437 perlegentes
444 384 698 438 defatigemur
725 387 859 439 magis,
889 400 1002 439 quam
1033 385 1279 426 oblectemur.
1325 384 1375 424 Et
1402 384 1620 426 dubitamus
1648 384 1703 423 in-

174 446 338 495 terdum,
369 452 496 486 utrum
516 447 720 499 rideamus,
749 435 865 502 q¹uum
894 455 1027 489 auctor
1055 448 1203 501 epicum
1233 453 1270 488 et
1286 446 1436 501 grande
1463 446 1613 486 dicendi
1637 460 1701 499 ge-

175 522 247 547 nus
274 508 426 548 affectat
453 515 490 548 et
515 510 626 549 simia
652 510 696 550 fit
722 511 844 550 leonis
871 511 1017 550 exuviis
1044 510 1199 560 induta,
1237 524 1287 548 an
1324 510 1404 549 eius
1441 510 1701 558 misereamur,

175 576 309 623 utpote
337 571 422 623 qui,
462 572 530 610 etsi
558 572 678 611 multa
706 572 827 612 mu‘lto
854 572 978 612 studio
1006 571 1188 621 contulit,
1224 577 1351 610 tamen
1388 570 1582 611 laudabile
1609 582 1704 624 opus

175 646 253 671 non
282 632 455 672 ediderit,

303 693 457 732 Pluvias
497 694 563 733 ille
599 708 717 747 aquas
754 695 924 748 colligit,
965 709 1039 734 non
1071 695 1156 733 vivo
1191 693 1347 746 gurgite
1373 692 1563 742 exundat,
1601 692 1704 745 quod

175 761 307 794 contra
342 754 432 795 dicit
470 755 731 804 Quintilianus
772 756 841 809 (D.
884 757 968 796 inst.
1005 763 1101 796 orat.
1137 754 1177 794 X
1209 759 1250 805 1,
1291 756 1386 807 109)
1421 755 1469 795 de
1506 754 1703 794 Cicerone.

174 815 312 869 Neque
339 816 463 856 solum
491 818 530 855 in
562 818 711 857 dicendi
741 831 883 871 genere
910 817 1074 870 negligit
1103 816 1198 856 illud
1227 816 1399 856 Horatii:
1449 815 1543 866 „Est
1571 815 1706 855 modus

174 878 213 915 in
243 878 376 928 rebus,
406 885 496 917 sunt
523 879 613 919 certi
642 879 808 933 denique
836 878 951 929 fines,
990 878 1098 928 Quos
1132 879 1230 919 ultra
1258 879 1431 933 citraque
1459 879 1592 932 nequit
1620 892 1707 918 con-

173 939 306 979 sistere
343 944 516 980 rectum“
536 942 589 993 ²),
628 941 695 981 sed
731 942 843 981 etiam
882 944 920 981 in
958 942 1154 981 sententiis
1182 941 1359 990 ostendit,
1383 942 1527 982 modo
1560 940 1706 993 aliquid

174 1002 401 1051 monstrosi,
431 1003 546 1042 'velut
574 1003 613 1042 in
641 1003 749 1044 initio
778 1017 859 1057 cap.
890 1005 935 1045 3:
976 1003 1142 1053 ,βαβαὶ
1177 1005 1249 1043 τοῦ
1279 1003 1617 1056 α’ναφυσήματος,
1656 1002 1708 1049 ὥς

173 1063 245 1109 τοὶς
273 1064 442 1115 νεφέλας
470 1066 692 1117 διέστρεψε·
726 1067 903 1117 σειριΐρου
933 1066 1008 1116 γάρ
1039 1065 1288 1111 ἐπιπνέοντος
1318 1066 1494 1116 λάβρον,
1524 1065 1592 1104 καὶ
1623 1071 1708 1110 τοῖς

173 1126 348 1173 κύμασιν
377 1126 656 1174 ἑπωθιζοντος,
689 1129 848 1179 Βορέην
878 1128 967 1178 ἄρτι
998 1127 1070 1166 ἀντὶ
1101 1126 1171 1178 τήν
1199 1127 1458 1178 Προποντίδα
1488 1127 1708 1177 κεκίνηκας,

177 1186 229 1233 ὥς
261 1187 326 1226 διὰ
363 1187 496 1228 κάλων
526 1188 564 1227 αἱ
605 1188 767 1235 ὁλκάδες
803 1190 871 1228 τόν
897 1189 1082 1236 Εὔξεινον
1114 1189 1255 1227 πόντον
1294 1189 1526 1240 οἰχήσονται
1552 1217 1560 1226 .
1586 1217 1596 1226 .
1622 1217 1631 1225 .
1657 1190 1708 1233 .“,

174 1262 212 1286 m
224 1248 317 1287 odo
334 1248 480 1300 aliquid
498 1250 684 1302 languidi,
703 1250 810 1289 velut
829 1251 922 1289 haec
941 1251 1003 1298 (ef.
1023 1250 1064 1289 in
1082 1249 1159 1288 fine
1177 1263 1259 1303 cap.
1280 1249 1342 1303 2):
1378 1250 1444 1289 Φύ
1461 1277 1675 1288 .........
1682 1254 1705 1270 “

175 1315 253 1362 (cp.
284 1309 372 1361 18):
418 1310 529 1357 „dl-3?
569 1312 638 1362 ἄγε
677 1313 723 1363 δή
752 1313 795 1350 τὸ
825 1314 1058 1360 θαυμάσιον
1096 1313 1223 1351 ἐκεῖνο
1254 1312 1527 1360 ἀκουσμάτων
1557 1311 1708 1357 ἄεισον,

174 1370 279 1416 ὅπως
309 1372 417 1422 κάγώ
446 1374 717 1424 κατοχριάσω,
754 1375 819 1412 καί
846 1373 951 1419 ὅλως
982 1374 1195 1413 daiam-9:23
1217 1404 1364 1413 .....
1376 1378 1401 1395 “
1429 1379 1466 1412 et
1494 1372 1571 1426 (cp.
1598 1373 1699 1419 27.):

175 1432 299 1484 „6955
328 1434 417 1485 γάρ,
449 1434 501 1481 ὥς
529 1436 763 1486 ἐξώγκωταί
784 1452 862 1484 μου
885 1435 907 1487 ἦ
928 1435 1059 1487 mythic,
1090 1436 1157 1474 καί
1178 1435 1308 1488 ὥσπερ
1329 1436 1561 1486 κυοφορῶ.“
1599 1432 1703 1481 Quin

174 1495 289 1534 etiam
317 1496 577 1545 inveniuntur,
605 1512 704 1549 quae
732 1511 860 1536 secum
888 1504 1083 1550 pugnent:
1116 1498 1171 1536 sic
1197 1502 1276 1550 (cp.
1307 1500 1341 1537 1.
1369 1497 1441 1535 sub
1468 1496 1604 1542 finem)
1621 1494 1705 1533 Gri-

175 1556 244 1594 tias
273 1557 344 1606 ait,
382 1570 445 1606 se,
479 1564 676 1612 tamquam
708 1560 846 1599 vertice
873 1565 1112 1612 correptum,
1150 1558 1198 1598 de
1234 1571 1330 1612 rupe
1365 1557 1709 1612 praecipitaturum⁸

174 1619 301 1667 fuisse,
331 1620 401 1658 nisi
429 1620 555 1660 subito
581 1636 603 1660 a
630 1621 867 1675 Triephonte
893 1621 1091 1660 suscitatus
1118 1627 1227 1669 esset,
1256 1622 1295 1659 in
1321 1619 1430 1660 initio
1457 1633 1516 1673 cp.
1546 1619 1612 1659 27.
1650 1619 1701 1657 fa-

174 1687 296 1730 tetur,
333 1694 374 1720 se
401 1682 581 1721 conviciis
609 1697 632 1721 a
659 1683 854 1722 monachis
883 1684 921 1721 in
949 1696 990 1721 se
1016 1681 1162 1721 collatis
1189 1681 1418 1722 taciturnam
1446 1692 1607 1734 eamque
1634 1679 1701 1718 im-

174 1741 357 1783 mobilem
383 1748 547 1783 statuam
572 1757 653 1784 esse
679 1744 883 1785 redditum.
939 1744 1082 1796 Ecquis
1109 1743 1312 1796 intelligit,
1349 1743 1513 1783 eundem
1541 1741 1701 1782 Critiam

176 1804 274 1856 (cap.
313 1804 516 1856 23.—27.)
553 1805 673 1845 libere
711 1820 797 1844 cum
836 1804 1031 1844 monachis
1068 1805 1252 1856 colloqui,
1291 1811 1329 1843 et
1364 1810 1494 1857 postea
1530 1804 1579 1843 ob
1616 1815 1701 1841 eam

175 1879 290 1918 quam
328 1879 444 1918 supra
480 1865 646 1906 diximus
684 1881 835 1906 causam
874 1866 1041 1906 defixum
1087 1865 1218 1906 stare?
1275 1865 1550 1920 Triephontem
1589 1878 1703 1919 porro

173 1927 301 1968 ieiuno
338 1941 515 1975 sermone
542 1942 627 1968 eum
657 1930 852 1969 ieiunitate
881 1928 999 1968 relato
1027 1929 1079 1967 ita
1106 1942 1217 1982 posse
1244 1928 1364 1978 affici,
1403 1934 1444 1967 ut
1471 1927 1597 1968 verbis
1625 1926 1701 1979 (cp.

174 1990 279 2039 270:
317 1990 412 2041 ὁρᾶς
439 1990 537 2041 γάρ,
576 1992 628 2037 αἷς
657 1992 1019 2042 ἕξαίγκωται....“
1046 1989 1261 2030 indicatur?
1318 1990 1498 2030 Ceterum
1528 2002 1573 2028 ea
1600 2002 1701 2042 pars,

174 2064 273 2103 quae
299 2051 543 2105 amplectitur
567 2066 626 2105 cp.
646 2052 842 2103 23.-27.,
871 2058 1037 2105 praestat
1064 2052 1198 2092 ceteris
1226 2051 1403 2092 omnibus
1430 2051 1545 2091 totius
1571 2049 1700 2102 scripti

158 2119 222 2169 ‘et,
252 2114 359 2164 quasi
397 2112 584 2165 quaedam
611 2127 761 2152 summa
789 2114 867 2152 eius
896 2114 1085 2163 medulla,
1124 2113 1318 2166 paulisper
1348 2112 1547 2152 nobiscum
1576 2117 1702 2150 aucto-

172 2188 252 2213 rem
281 2174 322 2212 in
348 2174 510 2226 gratiam
541 2173 698 2214 reducit.
753 2174 973 2226 Permagno
1002 2187 1156 2226 quoque
1193 2173 1394 2212 intervallo
1421 2174 1452 2212 is
1481 2188 1503 2212 a
1531 2172 1702 2211 Luciano

172 2235 301 2282 abest,
342 2234 395 2283 si,
435 2247 530 2285 quos
558 2247 690 2272 versus
718 2248 894 2287 quaeque
922 2235 1107 2273 vocabula
1136 2241 1296 2287 uterque
1323 2233 1500 2283 adhibet,
1537 2234 1637 2272 inter
1663 2245 1703 2271 se

172 2295 432 2335 conferuntur.
491 2294 567 2333 Hic
594 2295 717 2334 facere
745 2310 822 2334 non
851 2309 1017 2349 possum,
1047 2296 1139 2349 quin
1169 2309 1231 2335 me
1260 2295 1324 2334 vix
1354 2295 1543 2349 quaedam
1573 2294 1702 2348 magni

171 2356 355 2397 momenti
396 2356 448 2396 eis
483 2356 625 2396 addere
656 2370 766 2410 posse
803 2357 1004 2406 confitear,
1039 2371 1137 2410 quae
1174 2357 1424 2398 doctissimus
1454 2355 1650 2397 Gesnerus
1670 2359 1700 2406 ²)

230 2571 255 2606 ¹)
280 2569 330 2601 Ne
353 2569 443 2609 ipsos
466 2568 598 2608 quidem
620 2568 800 2609 scriptores
823 2569 976 2608 antiquos
999 2569 1119 2609 legisse
1150 2568 1299 2609 videtur,
1330 2569 1389 2601 sed
1411 2576 1485 2607 eos,
1515 2567 1571 2608 qui
1600 2571 1701 2599 antea

278 2628 319 2651 ex
342 2619 390 2651 eis
413 2618 559 2651 fontibus
581 2619 780 2660 hauserunt;
805 2624 894 2651 errat
917 2619 950 2651 in
975 2630 1024 2661 cp.
1048 2619 1079 2652 4.
1103 2619 1242 2653 laudans
1266 2620 1444 2654 Homerum
1468 2618 1510 2652 cf.
1524 2618 1621 2652 Gesn.
1646 2628 1701 2651 an-

274 2670 463 2704 notationes
485 2669 519 2702 in
541 2669 592 2703 ed.
616 2670 691 2711 Bip.
716 2680 745 2711 p.
771 2669 833 2703 507
859 2689 896 2694 —
926 2669 1003 2712 παρ’
1026 2670 1161 2713 Ὁμήρῳ
1189 2690 1246 2702 -.

224 2725 250 2759 ²)
274 2721 435 2754 Horatius
457 2720 589 2760 quidem
619 2721 701 2753 haec
723 2721 820 2753 docet
843 2721 926 2761 (sati
951 2721 972 2753 l.
996 2721 1021 2753 Ι.
1048 2722 1085 2761 1,
1110 2721 1171 2755 106
1193 2721 1245 2762 ff.)
1278 2721 1319 2754 de
1350 2720 1494 2753 avaritia
1516 2724 1550 2753 et
1572 2719 1702 2752 luxurie

274 2772 402 2815 pariter
424 2771 592 2813 fugienda.
622 2802 626 2806 i

223 2826 252 2863 ⁸)
278 2823 328 2856 Cf.
352 2824 424 2857 eius
448 2823 528 2857 diss.
552 2833 603 2864 cp.
625 2822 866 2856 XXII-XXV.
