1800 2981
735 73 994 121 ...15-

104 190 284 240 ribusque
311 183 536 227 muneribus
564 182 671 233 fungi
702 184 845 225 vetaret
861 181 904 225 ¹).
946 177 1020 217 Vel
1049 177 1085 215 in
1116 189 1256 216 nomen
1285 175 1578 225 christianorum
1596 173 1628 216 2)

104 252 231 293 odium
259 260 372 287 suum
400 251 636 292 convertens,
665 244 704 281 in
733 253 974 291 communem
1002 252 1113 280 usum
1131 238 1274 291 recepit
1300 236 1469 285 odiosam
1502 245 1628 272 vocem

106 312 382 355 Galilaeorum.

232 372 282 411 In
309 370 383 409 hoe
408 373 534 410 autem
561 368 686 423 ipsum
714 364 940 406 vocabulum
969 361 1170 409 incidimus
1198 360 1237 398 in
1261 359 1525 412 Philopatride
1553 365 1630 411 (cp.

110 436 235 482 12.):.
252 463 260 471 .
292 430 431 483 7,ἡνίκα
460 429 503 468 δέ
520 444 591 478 μοι
609 430 824 473 Γαλιλαῖος
852 424 1050 473 ἐνέῑυχεν,
1079 422 1393 473 ἀναφαλαντίας,
1418 421 1630 473 ἑπιβρινος,

109 501 154 538 ὲσ
185 495 316 547 τρίτον
346 492 515 544 οὐρανόν
545 489 849 541 ἀεροβατήσας,
869 485 937 531 καί
962 485 1009 523 τά
1040 485 1209 525 ‚eduma
1240 483 1553 535 ἑκμεμαθηκαίς,
1582 485 1631 522 δι”

108 561 251 602 ὕδατος
277 555 384 607 ἡμᾶς
413 553 680 595 (ἐνεκαίνισεν.
696 579 706 588 .
723 580 754 589 ..
772 552 790 572 “
849 546 950 587 Ecce
976 545 1073 591 illud
1100 551 1394 597 argumentum,
1431 558 1508 597 quo
1537 542 1632 584 Ges-

109 632 221 666 nerus
250 630 327 664 non
355 615 515 661 minimo
543 626 678 659 causae
705 625 796 654 suae
823 608 1011 664 praesidio
1045 608 1100 647 uti
1127 606 1278 647 videtur
1294 610 1338 654 ³).
1395 605 1503 647 Haec
1530 606 1631 646 enim

109 686 196 727 sunt
223 680 306 733 ipsa
333 678 413 719 eius
441 676 581 732 verba:
611 680 689 729 (ep.
709 673 792 720 39.)
823 670 958 721 „Quae
985 683 1046 710 res
1072 674 1265 722 (spectans
1294 668 1341 707 ad
1374 681 1506 708 vocem
1526 666 1631 708 Gali-

112 745 300 788 laeorum)
330 739 391 779 vel
417 739 498 789 aola¹
525 738 555 776 si
584 744 701 786 esset,
740 732 978 788 probabilem
1007 731 1121 773 alicui
1145 730 1395 782 sententiam,
1429 744 1543 782 quam
1572 730 1635 770 de-

111 801 339 848 fendendam
375 799 546 852 suseepil,
584 798 805 842 redderet.“
863 794 950 847 Ego
986 801 1114 837 tamen
1143 792 1195 830 eis
1225 792 1352 830 verbis
1378 792 1462 829 sine
1489 791 1635 842 dubita·

113 867 214 906 tione
240 877 318 907 non
346 861 542 906 assentior.
597 858 734 912 Neque
761 857 864 906 enim
892 853 1086 904 christiani
1114 853 1180 898 illo
1208 853 1293 893 loeo
1323 859 1508 892 vocantur
1531 851 1636 895 Graii-

114 927 196 975 laci,
224 924 290 969 sed
320 930 449 969 orator
468 921 622 974 quidam
651 920 889 967 christianus,
918 917 983 969 qui
1011 917 1062 955 ita
1083 914 1331 963 describitur,
1361 920 1402 952 ut
1420 915 1510 953 satis
1536 915 1638 953 clara

116 987 225 1028 Pauli
252 984 432 1039 Apostoli
459 984 588 1036 imago
622 981 858 1035 exprimatur
871 980 926 1028 ⁴),
955 991 1069 1031 quem
1098 977 1163 1026 (ef.
1191 977 1281 1014 Aet.
1310 975 1447 1028 Apost.
1485 976 1557 1025 24,
1593 976 1638 1021 5⁷)

115 1054 348 1091 accusatores
375 1046 508 1085 dicunt
535 1058 632 1086 esse:
665 1043 911 1093 ᾖπροσποίῑην
939 1042 1008 1091 τῆς
1035 1041 1114 1086 τῶν
1133 1040 1384 1088 Ναζωραίων
1414 1043 1479 1086 (-
1498 1038 1639 1082 indica-

116 1120 176 1151 tur
203 1110 295 1152 urbs
322 1109 362 1151 in
390 1106 565 1152 Galilaea
592 1107 682 1155 sita,
712 1113 750 1144 et
777 1103 961 1148 Nazaraei
986 1100 1111 1141 eidem
1140 1106 1248 1148 sunt,
1279 1099 1345 1151 qui
1374 1097 1538 1145 Galilaei
1571 1106 1638 1147 -)

120 1172 332 1223 αἱρέσεως“
351 1173 397 1217 ⁵).
453 1168 580 1217 Quam
619 1168 667 1208 ob
703 1179 785 1206 rem
822 1165 948 1206 nescio
986 1177 1035 1202 an
1063 1169 1215 1211 auctor,
1253 1161 1317 1213 qui
1346 1161 1497 1214 saepius
1522 1163 1639 1204 saeris

118 1233 223 1273 libris
261 1230 417 1281 alludit,
455 1243 504 1270 ex
530 1243 578 1270 sa.
607 1228 765 1268 Patrum
801 1226 949 1280 scriptis
986 1232 1180 1277 tamquam
1216 1223 1340 1276 primo
1367 1222 1473 1266 fonte
1501 1237 1640 1268 nomen

124 1295 384 1344 „razazatoffl
422 1291 644 1346 perceperit.
700 1290 879 1329 Ceterum
917 1287 956 1326 id
991 1288 1105 1332 etiam
1142 1292 1245 1324 trans
1281 1284 1375 1324 fines
1403 1284 1642 1328 Palaestinae

122 1357 305 1409 migrasse
331 1355 503 1407 sequitur
529 1367 578 1393 ex
605 1352 664 1391 his
691 1350 836 1394 Suidae
863 1349 987 1388 verbis
1003 1350 1058 1394 ς);
1108 1347 1295 1395 „Tou-²02⁴,
1325 1345 1384 1385 ὅτι
1412 1349 1478 1387 ἐπί
1507 1350 1642 1389 Κλαυ-

123 1419 206 1457 δίου
236 1417 516 1465 βασιλεύοντος
543 1413 913 1462 μετωνομάσθησαν
953 1410 988 1447 οἱ
1030 1410 1150 1447 πάλαι
1186 1409 1390 1457 λεγόμενοι
1418 1410 1641 1458 Ναζηραῑοι

125 1478 189 1518 καί
207 1480 430 1523 Γαλιλαῖοι,
459 1476 728 1525 χριστιανοι’“.
765 1471 911 1520 Quidni
939 1477 1069 1523 postea
1096 1482 1251 1522 quoque
1277 1469 1496 1521 frequentes
1524 1484 1645 1513 novae

125 1540 318 1593 religionis
336 1537 541 1577 adversarii
563 1536 638 1576 odii
666 1536 820 1588 plenam
838 1531 1057 1586 appellandi
1077 1532 1262 1570 rationem
1282 1530 1566 1583 divulgaverint
1583 1532 1644 1578 ⁷J‘?

125 1600 266 1648 Quidni
295 1600 427 1640 doetus
455 1598 625 1652 quidam,
653 1598 742 1637 novi
763 1602 960 1649 appetens,
989 1592 1144 1645 aliquod
1173 1606 1313 1632 nomen
1343 1593 1491 1632 noverit
1518 1600 1555 1632 et
1582 1593 1645 1632 ad-

122 1662 307 1711 hibuerit,
348 1661 452 1714 quod
480 1674 557 1700 non
587 1660 734 1705 erat-in
761 1671 828 1697 ore
854 1655 1055 1696 omnium?
1112 1654 1217 1707 Ergo
1246 1668 1294 1693 ex
1323 1655 1510 1693 vocabulo
1542 1657 1645 1703 „sa-

124 1727 296 1769 λιλαῖος“
327 1723 421 1762 nihil
451 1723 542 1761 certi
570 1719 744 1760 concludi
773 1725 906 1772 potest.
954 1716 1044 1757 Jam
1074 1716 1268 1769 proposito
1297 1722 1426 1755 nostro
1454 1730 1531 1756 non
1559 1716 1645 1756 alie-

124 1799 210 1823 num
241 1784 392 1823 videtur
420 1797 513 1833 esse,
542 1782 771 1835 disquirere,
813 1781 877 1833 qui
905 1779 1059 1818 tandem
1088 1778 1229 1817 tuerint
1256 1778 1327 1830 ipsi
1354 1777 1409 1816 illi
1439 1777 1645 1827 christiani,

123 1859 215 1897 quos
243 1851 442 1898 tantopere
460 1843 619 1883 Lueiani
648 1842 858 1881 aemulator
885 1841 1066 1892 increpat.
1111 1838 1227 1878 Certe
1254 1839 1293 1876 in
1322 1839 1459 1878 horum
1477 1851 1648 1877 >numero

123 1914 202 1947 erat
229 1921 327 1946 unus
359 1907 637 1955 7,Γιιιλιλαΐος“,
666 1909 707 1944 ut
734 1908 773 1943 et
793 1903 1014 1953 Χαρήιενος
1044 1906 1120 1953 (op.
1142 1900 1220 1947 20.)
1249 1906 1286 1938 et
1312 1901 1603 1951 Χλευόχαρμος
1616 1902 1647 1943 ⁸)

72 1974 74 1978 '
123 1973 199 2019 (ep.
229 1968 324 2014 21),
379 1967 442 2005 Illi
470 1967 725 2019 susipeante5‚
764 1978 856 2003 mox
889 1976 1048 2015 magnas
1077 1962 1160 2001 fore
1197 1961 1431 2014 reipublicae
1459 1962 1647 2001 calamita-

179 2191 206 2229 ¹)
229 2189 303 2224 Gib.
326 2198 360 2230 p.
384 2187 454 2221 393.

177 2241 206 2279 ¹)
229 2239 304 2273 Gib.
326 2249 359 2280 p.
382 2237 444 2272 387
467 2241 501 2271 et
523 2237 565 2269 cf.
589 2236 687 2270 Gesn.
710 2235 795 2277 disp.
819 2245 869 2277 cp.
893 2234 1062 2276 XXXIX„
1085 2245 1117 2277 p.
1140 2235 1213 2270 601.

182 2291 206 2331 ³)
230 2289 281 2323 ef.
303 2289 401 2324 Gesn.
424 2288 509 2330 disp.
532 2297 583 2329 cp.
607 2287 743 2321 39—41.

177 2342 208 2380 ⁴)
232 2340 282 2373 Cf.
304 2339 469 2373 Wieland.
492 2338 514 2372 l.
537 2348 565 2371 c.
587 2348 619 2380 p.
641 2337 726 2379 398,
747 2337 789 2370 Δ.
812 2337 864 2371 24.

177 2391 326 2442 ⁸)—Apud
346 2392 507 2425 Joannem
529 2389 576 2431 (in
599 2398 714 2430 evang.
740 2391 770 2428 7,
793 2387 850 2428 52)
873 2387 1045 2421 Pharisaei
1061 2387 1276 2421 Nicodemum
1300 2385 1527 2427 alloquuntur:
1563 2386 1647 2426 „Mqss

228 2445 285 2473 καὶ
309 2444 354 2473 σύ
378 2444 415 2474 ἐκ
437 2441 496 2480 τῆς
522 2442 696 2475 Γαλιλαίας
719 2438 798 2477 εἶ,·“

182 2493 210 2534 ⁸)
233 2492 284 2525 Cf.
308 2493 428 2531 suidas
450 2503 475 2526 s.
499 2504 530 2524 v.
556 2493 759 2532 Ναζηραῖος.

179 2543 201 2583 ¹)
222 2543 443 2577 Vehementer
456 2544 563 2584 doleo,
585 2552 638 2575 me
658 2545 794 2585 propter
815 2544 948 2575 tenuem
970 2549 1075 2573 meam
1099 2539 1339 2581 supellectilem
1361 2539 1544 2571 litei-ariam
1571 2547 1643 2579 per-

229 2595 322 2636 sequi
352 2604 419 2628 non
446 2603 543 2636 posse
571 2593 729 2634 vestigia,
760 2600 845 2631 quae
872 2591 1070 2628 monstravit
1097 2590 1263 2624 Gesnerus
1288 2600 1320 2630 p.
1344 2591 1424 2630 599,
1458 2594 1538 2622 nota
1560 2589 1580 2621 3
1595 2615 1603 2622 .
1619 2614 1647 2620 ..

198 2651 201 2653 ·
233 2669 353 2679 ......
388 2646 505 2681 Manes
519 2648 639 2686 autem,
661 2643 719 2685 qui
731 2642 786 2676 hio
807 2642 1006 2683 nominatur,
1028 2651 1128 2683 quum
1150 2650 1245 2674 omne
1267 2640 1528 2675 additamentum
1552 2640 1647 2681 desit⁷

231 2696 448 2737 probabiliter
476 2696 547 2739 ipse
576 2695 635 2730 ille
665 2703 824 2738 novorum
845 2697 1097 2736 praeceptorum
1124 2697 1239 2726 auctor
1273 2697 1361 2735 erat,
1391 2692 1448 2733 qui
1478 2692 1649 2726 tormentis

233 2747 352 2780 misere
374 2747 567 2781 interfectus
590 2750 641 2780 est
662 2756 692 2779 a.
715 2745 789 2780 277.
813 2755 845 2786 p.
868 2744 927 2778 ch.
952 2755 983 2778 n.
1007 2744 1049 2777 cf.
1076 2743 1181 2785 Alzog
1205 2744 1227 2776 l.
1250 2753 1276 2776 c.
1299 2754 1332 2785 p.
1358 2744 1430 2779 150.

182 2796 209 2836 ⁸)
232 2798 498 2841 Χλευσόχαρμος
513 2812 551 2826 --
566 2797 660 2831 cuius
681 2805 792 2837 nugax
814 2799 849 2830 et
871 2795 1055 2830 illusorium
1080 2800 1131 2828 est
1153 2795 1308 2835 gaudium
1331 2794 1372 2827 cf.
1396 2794 1493 2828 Gesn.
1524 2804 1553 2836 p.
1578 2793 1650 2828 532.
