1800 2981
758 148 802 154 ...
859 126 1018 166 27·-

114 236 196 277 deis
232 233 359 275 vitiosi
393 230 648 280 adhaerebat,
685 236 768 269 erat
804 230 904 280 eius,
943 231 1009 284 qui
1046 230 1209 284 quodvis
1245 245 1397 271 sacrum
1425 234 1653 271 extenuaret

114 300 154 339 et
179 294 426 337 imminueret
452 297 568 345 atque
595 289 706 330 illum
733 288 1041 333 samosatensem
1068 291 1248 347 religiose
1276 293 1503 333 imitaretur.

243 355 453 408 Reliquum
480 358 556 401 est,
590 357 633 391 ut
658 350 874 402 videamus,
903 366 997 392 num
1023 352 1200 407 dialogus
1227 360 1370 394 statum
1398 354 1465 407 qui
1492 353 1545 395 X.
1572 366 1653 393 sae-

114 419 202 459 culo
239 422 322 458 erat
358 415 556 454 literarum
594 411 787 466 exprimat
822 426 867 452 ac
903 413 1053 454 referat.
1108 414 1181 455 Est
1225 421 1305 455 tota
1337 415 1404 455 illa
1444 428 1545 468 quae
1571 413 1652 468 By·

113 478 269 520 zantina
312 481 472 517 vocatur
516 478 620 514 aetas
655 474 747 514 satis
783 473 891 514 ferax
926 474 1163 516 eruditorum
1197 476 1367 517 virorum
1405 475 1653 530 profuditque

83 576 86 579 Α
114 539 245 581 doctos
272 544 311 577 et
336 537 437 575 inter
464 535 670 588 principes,
699 541 743 575 ut
760 534 933 575 Leonem
950 535 1223 589 philosophum
1253 536 1519 589 (886—911),
1549 535 1652 575 Con-

112 598 322 640 stantinum
343 594 438 635 VII.
454 593 873 649 Porphyrogennetum
893 596 1155 649 (911-959),
1175 596 1395 637 Eudoxiam
1410 603 1527 646 (saec.
1541 595 1650 646 XL),

113 662 274 701 Annam
304 657 548 698 Gomnenam
576 662 694 705 (saec.
722 657 815 709 XI.)
835 660 865 705 ¹)
894 664 932 698 et
958 658 1058 698 inter
1084 658 1266 712 privatos,
1296 658 1416 698 veluti
1440 657 1651 700 stobaeum

113 721 231 773 (saec.
245 718 295 757 V.
324 717 386 756 vel
416 716 507 768 VI.)
515 745 526 766 ‚
555 716 715 758 Suidam
743 719 858 769 (saec.
887 717 1128 769 X.-XH.),
1157 718 1339 758 Photium
1367 724 1415 767 (s.
1444 718 1538 765 IX.)
1574 717 1651 757 Eu-

112 780 294 821 stathium
337 783 385 826 (s.
427 776 563 827 XII.),
599 776 665 817 Jo.
696 777 874 818 Tzetzem
904 784 951 826 (s.
992 777 1110 827 XII.)
1128 809 1138 829 ‚
1177 778 1293 829 alios3
1335 793 1477 833 eosque
1517 792 1652 820 omnes

110 848 247 882 notum
284 846 342 879 est
375 838 591 879 abundasse
627 839 782 892 quidem
817 840 995 879 scientiae
1032 841 1143 894 copia
1170 847 1208 880 et
1234 840 1421 881 laudabili
1448 841 1649 881 literarum

109 902 260 951 studio,
294 914 374 941 non
402 914 452 941 ex
479 906 616 954 suopte
643 901 799 954 ingenio
828 900 1038 953 quidquam
1067 901 1219 954 petiisse
1246 902 1337 942 novi
1364 909 1403 942 et
1429 901 1648 955 singularis.

111 962 242 1012 Quam
268 961 462 1002 scribendi
490 962 679 1002 rationem
704 962 859 1014 ignotus
887 962 1007 1001 nostri
1037 961 1181 1015 dialogi
1208 963 1374 1016 scriptor
1399 968 1552 1002 secutus
1579 968 1649 1011 est,

109 1023 296 1073 eandem,
334 1028 377 1062 ut
402 1022 519 1063 totius
546 1022 688 1062 saeculi
715 1021 769 1061 X.
805 1023 1013 1076 propriam,
1054 1022 1113 1061 his
1141 1022 1267 1062 verbis
1295 1022 1546 1077 reprehendit
1570 1021 1650 1062 Ha·

23 1124 26 1127 a
109 1085 189 1126 sius
206 1088 253 1133 ²).
308 1115 317 1125 .
334 1114 343 1124 .
359 1115 368 1124 .
385 1083 561 1134 Accedit,
589 1090 632 1123 ut
657 1083 800 1123 Leonis
828 1090 930 1123 aetas
959 1083 1217 1136 eloquentiam
1244 1090 1405 1137 poneret
1431 1085 1472 1123 in
1499 1083 1648 1133 florida,

111 1152 154 1187 ut
179 1146 234 1186 ita
261 1145 400 1195 dicam,
428 1146 621 1185 oratione:
649 1158 738 1184 cum
765 1157 947 1198 magnam
975 1158 1017 1184 se
1043 1145 1207 1198 quisque
1232 1145 1273 1183 in
1302 1144 1467 1186 dicendo
1494 1145 1651 1186 laudem

109 1207 294 1261 adeptum
321 1212 486 1260 putaret,
514 1208 558 1255 si,
587 1206 709 1245 multa
736 1206 943 1246 acervatim
968 1205 1193 1258 complexus
1212 1213 1452 1256 ornamenta,
1480 1207 1652 1259 poeticae

109 1267 287 1308 dictionis
314 1266 592 1315 aemulatione,
630 1265 902 1318 grandioribus
930 1267 1076 1315 verbis,
1116 1272 1154 1304 et
1182 1265 1308 1316 duris,
1346 1280 1397 1306 ne
1428 1267 1567 1320 ineptis
1596 1266 1651 1305 di-

91 1342 207 1380 ‚cam‚
235 1327 469 1381 metaphoris
497 1333 596 1367 esset
622 1340 713 1366 usus
733 1356 741 1365 .
759 1357 768 1367 .
785 1357 793 1367 .
813 1356 820 1364 .
841 1329 860 1349 “
874 1325 915 1374 3).
953 1326 1154 1378 Postremo
1181 1332 1314 1366 auctor
1342 1327 1501 1367 exsistat
1527 1327 1649 1367 Bern—

109 1390 235 1444 hardy
282 1394 430 1438 noster,
477 1388 535 1426 vir
581 1387 847 1441 sagacissimus
865 1390 919 1434 ⁴):
977 1386 1077 1437 „Die
1116 1386 1337 1439 damaliyen
1385 1387 1649 1427 literam‘sohe‘n

109 1452 293 1492 Arbeiten
339 1449 481 1501 (deren
525 1448 776 1501 Mittelpunlct
821 1448 904 1487 and
948 1448 1167 1501 beweye‘nde
1206 1446 1333 1500 Kraft
1377 1448 1439 1487 die
1486 1448 1651 1488 Familie

108 1512 286 1553 Basilius
312 1510 378 1549 des
415 1509 682 1549 Macedoniers
709 1509 965 1561 (867—886)
994 1510 1099 1561 war)
1135 1508 1299 1561 qekbren
1339 1508 1461 1548 sicher
1498 1511 1650 1563 einiqe‘n

107 1571 358 1625 Mitqliedem
383 1570 452 1609 der
479 1569 624 1609 hiihem
644 1569 897 1622 Gesellechast
922 1583 987 1616 an,
1016 1569 1254 1608 Dilettanten
1282 1569 1373 1608 oder
1398 1570 1559 1618 colchen,
1589 1570 1651 1609 die

108 1633 194 1672 dem
213 1630 462 1685 practisohen
488 1630 724 1683 Bedic'rfniss
750 1636 960 1683 qem‘cyten,
995 1630 1087 1670 sind
1112 1630 1203 1669 aber
1229 1630 1319 1670 hein
1346 1631 1556 1671 Ausdruclc
1582 1631 1651 1670 der

105 1691 479 1744 Gesammtbildtmq.
534 1691 600 1730 Im
626 1690 923 1743 Himeryrunde
958 1691 1046 1743 laq,
1085 1705 1196 1730 weom
1233 1691 1333 1731 auch
1356 1692 1544 1744 formlos,
1587 1694 1650 1732 ein

104 1756 260 1793 funerea·
292 1751 406 1791 Trieb
432 1751 517 1791 und
542 1759 658 1790 etwas
678 1751 859 1805 Achtunq
886 1765 954 1791 vor
982 1751 1056 1790 den
1071 1750 1259 1791 schemen
1286 1752 1350 1791 des
1373 1752 1649 1799 Alterthums“,

102 1814 210 1869 quod
250 1813 406 1867 quidem
441 1813 625 1852 iudicium
662 1814 806 1866 optime
832 1814 995 1853 refertur
1023 1813 1073 1853 ad
1101 1813 1300 1866 dialogum
1327 1813 1647 1868 Philopatridem,

103 1876 213 1916 cuius
241 1875 405 1927 scriptor
431 1874 472 1912 in
502 1874 585 1913 aliis
614 1874 687 1914 hoc
714 1875 839 1927 egisse
865 1874 1030 1923 videtur,
1064 1881 1106 1913 ut
1133 1874 1384 1928 Imperatoris
1412 1876 1650 1930 triumphan—

105 1938 154 1977 tis
181 1936 256 1976 sibi
283 1934 446 1988 gratiam
476 1934 716 1984 conciliaret3
753 1948 952 1988 quumque
980 1935 1060 1975 eius
1089 1948 1232 1975 nomen
1260 1935 1455 1977 oblivione
1480 1937 1650 1978 deletum

104 1995 219 2047 esset,
246 1996 415 2044 libellus,
444 2000 487 2033 ut
515 1995 685 2045 videtur,
715 2009 738 2034 a
764 1996 923 2036 librario
950 1996 1120 2049 quodam
1149 2003 1307 2049 propter
1335 2010 1518 2051 magnam
1546 1999 1649 2038 simi-

105 2058 308 2099 litudinem
336 2055 498 2095 Luciani
526 2055 688 2109 dialogis
717 2056 931 2110 adscriptus
959 2063 1026 2097 est.

163 2230 190 2269 ι)
215 2226 269 2269 G'f.
290 2225 501 2269 Bernhardy
525 2224 631 2260 Grch.
654 2226 757 2269 Πύρ.
778 2226 810 2260 Ι.
837 2225 912 2261 Tm.
928 2236 968 2269 p.
990 2229 1067 2262 751.

163 2279 191 2320 ²)
212 2277 264 2311 Of.
287 2277 385 2310 Hasii
405 2276 514 2319 praef.
537 2276 581 2310 ad
601 2276 641 2309 L.
666 2277 763 2310 Diac-
785 2277 821 2310 in
842 2276 989 2311 editione
1011 2277 1109 2313 Nieb.
1132 2288 1165 2321 p.
1187 2278 1278 2313 XIX.

164 2330 190 2371 ἲ)
212 2328 263 2362 Of.
286 2327 362 2361 Gib.
391 2328 414 2361 1.
444 2337 473 2361 c.
502 2337 575 2370 cap.
604 2327 693 2362 LIII.
723 2333 800 2370 pag.
823 2327 905 2371 235,
933 2328 998 2364 236
1020 2333 1055 2363 et
1087 2333 1199 2364 notam
1232 2330 1274 2364 de
1297 2330 1457 2372 fiversibus
1487 2330 1647 2372 politicis,

213 2379 335 2413 deinde
356 2377 456 2413 Gesn.
479 2378 739 2421 disputationem
759 2388 835 2422 pag.
858 2379 936 2415 581.

157 2430 188 2472 ⁴)
212 2429 263 2463 Of.
285 2429 484 2472 Bernhardy
505 2429 529 2463 l.
551 2439 579 2463 c.
603 2439 636 2472 p.
660 2428 735 2463 700.

533 2618 1228 2652 ψ
