1800 2981
833 84 1097 124 -14-

191 185 325 230 torem,
356 188 397 221 ut
425 189 692 235 reverteretur,
721 186 980 231 adduxerunt.
1025 189 1176 240 Quibus
1203 191 1434 241 facinoribus
1463 195 1656 243 ἐπινίκιον
1682 197 1724 235 il-

188 241 257 281 lud
285 243 450 296 positum
478 240 561 284 esse
588 260 718 299 posse,
757 262 870 289 nemo
907 264 986 291 non
1023 252 1215 293 concedet.
1272 252 1401 303 Minus
1421 256 1556 305 ‘facilis
1593 264 1648 306 est
1675 259 1722 297 ad

188 304 484 357 intelligendum
522 320 630 360 spes,
672 323 771 361 quae
810 310 858 350 de
891 312 1079 366 Aegypto
1117 328 1208 355 mox
1244 315 1458 370 subigenda
1499 319 1720 372 concipitur,

186 371 387 418 propterea
424 367 528 419 quod
554 382 615 408 res
644 370 909 413 Alexandriae
918 375 965 427 ¹),
1005 375 1070 413 ubi
1100 373 1264 428 Georgii
1299 377 1467 431 ep'scopi
1500 378 1722 435 crudelitate

187 426 373 478 tumultus
403 435 560 468 exortus
587 438 690 482 erat,
730 433 889 486 eiusque
923 449 1138 486 successor,
1176 438 1444 488 celeberrimus
1472 440 1719 496 Athanasius,

183 487 332 528 Juliani
376 489 479 531 iussu
524 491 611 531 loco
653 495 898 547 movebatur,
944 510 1070 551 neque
1111 498 1321 553 quidquam
1362 500 1575 555 habebant,
1617 503 1719 550 unde

183 564 369 604 magnum
406 552 568 606 imperio
604 555 817 608 periculum
850 558 1008 599 instaret
1021 563 1055 607 2)
1092 566 1129 600 et
1164 567 1253 601 ante
1280 562 1565 618 expeditionem
1594 565 1717 613 Persi-

182 626 265 655 cam
293 614 527 666 compositae
554 623 676 658 erant.
721 618 846 660 Simili
874 620 990 660 modo
1018 620 1066 660 de
1093 621 1249 674 Scythis
1277 624 1490 676 timendum
1517 641 1594 680 nnn
1623 636 1715 677 erat,

179 674 246 717 sed
268 673 408 715 Gothis
427 689 514 715 cum
534 676 721 719 Romanis
739 680 815 725 iam
840 680 988 734 pridem
1012 689 1115 726 certa
1142 691 1224 730 erat
1250 699 1341 737 pax,
1370 700 1470 739 quae
1496 702 1597 737 anno
1621 690 1715 741 ,3,66.

182 736 337 778 demum
366 738 512 782 turbari
541 747 676 793 coepta
705 747 761 780 est
777 741 817 789 S).
857 741 911 783 Ut
938 757 997 782 res
1027 744 1185 784 bellicae
1212 747 1422 795 maximam
1450 756 1597 802 partem
1620 749 1714 795 Ges-

178 797 261 836 neri
288 799 515 838 sententiam
545 800 748 851 adiuvant,
789 804 843 841 sic
871 806 983 843 etiam
1014 819 1073 844 res
1100 806 1329 857 domesticae
1356 816 1502 853 tantum
1531 812 1581 851 ad
1605 812 1713 855 libel-

175 857 257 898 lum
278 857 561 912 expediendum
589 863 804 914 conferunt,
834 872 972 905 utnon
991 867 1187 919 miremur,
1216 870 1320 923 quod
1349 872 1406 915 vir
1424 872 1490 913 ille
1508 873 1711 924 eruditissi-

176 934 260 959 mus
288 921 434 959 tamdiu
453 923 576 963 eidem
596 925 736 964 iudicio
754 926 936 966 adhaesit.
980 928 1115 982 Capite
1143 933 1206 972 24.
1228 934 1279 971 ita
1306 935 1482 973 monachi
1511 935 1710 987 loquentes

174 982 427 1030 inducuntur:
446 1012 465 1033 „
478 1014 487 1022 .
503 1015 511 1021 .
530 1016 537 1023 .
555 988 743 1026 δυστοκεῖ
753 988 829 1039 γάρ
846 989 868 1039 ἡ
885 989 994 1035 πόλις
1008 994 1039 1037 ⁴)
1054 1022 1063 1030 .
1079 1023 1088 1030 .
1105 1023 1112 1030 .
1131 1023 1139 1031 .
1159 994 1235 1046 (cp.
1248 993 1327 1041 25.)
1346 996 1707 1048 ώςμεταλλλαγῶσι

173 1044 222 1083 τά
254 1045 483 1094 πράγματα,
515 1047 668 1094 ἀταξίαι
698 1050 739 1087 δὲ
769 1052 838 1090 καί
865 1054 1041 1101 ταραχαί
1069 1054 1139 1104 τήν
1168 1056 1281 1094 πόλιν
1305 1058 1625 1107 καταλήψονται,
1659 1064 1706 1097 τά

175 1105 423 1155 στρατόπεδα
452 1106 597 1157 ἥττονα
637 1113 716 1148 τῶν
746 1113 936 1151 ἐναντίων
965 1116 1236 1164 γενήσονται“.
1292 1116 1386 1155 Eius
1423 1120 1575 1170 generis
1607 1120 1706 1159 solli-

172 1166 372 1216 citudines,
403 1167 592 1219 Apostata
617 1169 870 1224 Imperatore,
899 1188 948 1212 ex
976 1176 1101 1217 anxiis
1129 1185 1166 1216 ct
1191 1180 1460 1231 superstitiosis
1488 1180 1706 1228 christiano-

170 1241 255 1268 rum
284 1227 420 1269 animis
448 1228 559 1269 facile
587 1231 777 1283 proficisci
805 1242 993 1287 poterant.
1037 1237 1098 1277 Ex
1128 1254 1204 1291 quo
1232 1248 1404 1294 tempore
1433 1241 1705 1291 Constantinus

175 1288 242 1338 M„
273 1296 314 1328 ut
341 1289 549 1330 christiana
577 1293 712 1346 religio
741 1296 894 1347 publica
923 1305 1040 1346 esset,
1071 1299 1292 1344 decreverat
1318 1309 1356 1342 et
1384 1303 1583 1352 ecclesiam
1610 1304 1704 1345 mul—

169 1351 216 1389 tis
254 1351 446 1402 beneficiis
483 1353 661 1393 affecerat
678 1355 730 1404 5),
769 1357 964 1398 christiani
1002 1359 1067 1410 diu
1104 1361 1202 1401 felici
1239 1363 1457 1413 conditione
1486 1365 1700 1416 utebamur,

168 1426 268 1464 quae
306 1426 353 1451 ne
393 1427 474 1452 esse
502 1415 705 1464 desineret,
740 1416 887 1456 Juliani
918 1429 1091 1472 tempore
1126 1436 1171 1461 eo
1209 1425 1331 1475 magis
1370 1425 1581 1469 timendum
1609 1433 1700 1475 erat,

168 1487 245 1526 quo
273 1473 558 1515 vehementiore
585 1490 676 1515 suae
703 1478 885 1531 religonis
912 1481 1037 1521 studio
1066 1483 1097 1521 is
1122 1483 1299 1524 incensus
1324 1492 1405 1525 erat
1422 1492 1537 1539 atque
1555 1487 1699 1527 inflam-

167 1542 305 1573 matus.
361 1535 423 1573 Ac
458 1536 490 1573 si
518 1537 720 1589 imperium
751 1548 943 1591 assecutus
979 1543 1042 1581 hic
1076 1557 1152 1583 non
1181 1546 1306 1586 subito
1341 1562 1381 1588 se
1408 1549 1447 1587 in
1476 1548 1699 1588 christianos

167 1596 342 1648 iniquum
371 1599 606 1649 praestabat:
636 1613 680 1639 eo
709 1607 832 1640 metus
862 1615 992 1642 eorum
1022 1604 1088 1642 vix
1115 1619 1161 1643 ac
1188 1620 1237 1645 ne
1266 1607 1331 1646 vix
1360 1609 1514 1661 quidem
1543 1609 1698 1649 tolleba-

166 1664 240 1697 tur.
292 1656 419 1697 Immo
458 1672 549 1698 vero
587 1661 756 1700 tulerunt
790 1664 844 1702 ita
872 1671 909 1703 et
936 1665 1097 1705 eruditio
1127 1674 1163 1706 et
1189 1668 1365 1708 iuvenilis
1391 1670 1508 1709 ardor
1534 1669 1695 1717 Juliani,

165 1724 206 1756 ut
242 1718 426 1771 paulatim
461 1733 553 1759 suae
579 1728 703 1761 sectae
740 1724 942 1776 participes
978 1727 1110 1765 ceteris
1140 1728 1285 1767 civibus
1318 1731 1528 1782 praeferret
1555 1737 1591 1771 et
1620 1745 1696 1780 eos,

163 1780 229 1831 qui
259 1779 455 1819 Christum
483 1783 744 1832 sectabantur,
775 1788 999 1837 praesertim
1028 1802 1147 1839 quum
1175 1802 1235 1828 res
1264 1803 1395 1837 eorum
1424 1792 1522 1832 laete
1550 1793 1695 1844 etflore-

159 1845 291 1888 sceret,
322 1841 393 1879 sibi
423 1842 591 1881 maxime
618 1843 854 1885 adversarios
883 1860 964 1886 esse
992 1849 1253 1890 arbitraretur.
1292 1851 1430 1905 Itaque
1454 1867 1496 1892 re
1525 1868 1614 1894 vera
1642 1856 1694 1893 fa-

160 1908 262 1941 ctum
291 1909 367 1951 est,
407 1908 448 1941 ut
476 1902 541 1942 ille
560 1918 637 1944 non
666 1906 791 1945 solum
819 1921 925 1946 suam
957 1908 1004 1948 de
1031 1910 1218 1962 religione
1246 1914 1465 1965 opinionem
1493 1916 1694 1955 scribendo

160 1969 330 2002 tueretur
358 1970 395 2002 et
423 1963 645 2004 detenderet
662 1969 708 2015 ⁶),
736 1968 802 2006 sed
831 1969 968 2018 etiam,
997 1970 1078 2022 ipse
1106 1971 1286 2013 Pontifex
1316 1973 1527 2026 Maximus,
1558 1977 1693 2022 veteris

159 2024 359 2076 religionis
388 2024 559 2065 instituta
579 2036 775 2067 revocaret
804 2037 842 2068 et
870 2031 1092 2071 emendaret
1111 2036 1152 2082 ⁷),
1182 2033 1343 2075 ,Iudaeis
1361 2040 1392 2084 Θ)
1415 2051 1508 2089 prae
1525 2038 1693 2077 christia-

159 2086 218 2125 nis
255 2086 398 2126 faveret
426 2092 541 2140 atque
568 2089 638 2128 hos
663 2091 955 2142 grammaticam
984 2100 1020 2132 et
1048 2094 1275 2136 rhetoricam
1311 2097 1448 2139 docere
1465 2100 1497 2147 9)
1533 2101 1690 2154 amplio-

216 2340 241 2381 ·)
266 2339 317 2371 Cf.
342 2339 415 2372 Gib.
439 2340 462 2373 1.
486 2349 514 2373 c.
538 2349 589 2381 cp.
612 2340 755 2382 XXIII.,
777 2352 810 2383 p.
834 2343 915 2384 411,
937 2344 1019 2386 425,
1041 2346 1114 2379 426.

209 2393 238 2431 ²)
262 2390 354 2430 Quae
376 2390 475 2423 Gesn.
500 2400 550 2432 cp.
575 2392 710 2426 XXXV.
736 2393 769 2425 in
792 2393 923 2434 longam
946 2397 1119 2430 verborum
1144 2400 1261 2432 seriem
1286 2402 1445 2443 extendit,
1469 2403 1570 2436 altius
1595 2413 1685 2445 repc-

260 2442 324 2474 tita
346 2446 432 2474 sunt.

207 2493 234 2533 ³)
259 2492 309 2525 cf.
334 2491 408 2525 Gib.
433 2492 453 2525 l.
479 2501 508 2526 c.
533 2502 583 2533 cp.
606 2493 729 2534 XXV.,
752 2494 834 2536 243,
856 2496 929 2530 247.

208 2545 233 2585 ⁴)
259 2543 275 2582 ἡ
298 2543 400 2579 πόλις
422 2546 491 2574 κατ’
505 2543 624 2583 ἐξοχὴν
646 2549 697 2578 est
720 2545 933 2587 Byzantium,
956 2548 1018 2582 hoc
1042 2549 1113 2582 loco
1137 2556 1171 2584 et
1192 2552 1287 2585 alias.

210 2594 234 2635 ⁶)
259 2595 308 2627 Cf.
332 2595 439 2635 Alzog
462 2594 483 2627 1.
507 2605 534 2627 c.
556 2605 591 2636 p.
614 2596 677 2630 207
699 2596 733 2629 ff.

207 2646 235 2685 θ)
259 2644 332 2678 Gib.
357 2647 377 2680 l.
400 2656 427 2679 c.
452 2655 501 2687 op.
524 2646 663 2688 XXIII.,
687 2658 717 2689 p.
740 2649 800 2682 341
826 2649 859 2683 ff.

211 2698 233 2738 ²)
257 2696 331 2730 Gib.
354 2707 385 2738 p.
408 2697 474 2732 348
496 2696 524 2728 ff

204 2751 235 2788 θ)
258 2748 431 2789 Templum
452 2748 703 2792 Hierosolymae
727 2752 858 2785 restitui
883 2752 976 2785 iussit
1002 2754 1042 2785 cf.
1068 2753 1141 2787 Gib.
1166 2766 1199 2796 p.
1225 2757 1299 2791 376,

206 2802 234 2840 ⁹)
257 2799 330 2834 Gib.
354 2810 385 2841 p.
409 2800 481 2834 389.
