1800 2981
731 627 944 688 caput
979 627 1030 675 1.

244 743 478 813 Priusquam
517 773 596 799 rem
626 762 769 813 ipsam,
808 773 923 814 quam
956 761 1064 799 nobis
1094 761 1329 800 tractandam
1365 763 1645 815 proposuimus,

120 824 411 880 aggrediamur,
441 823 570 876 paucis
600 837 793 877 exponere
819 824 949 873 liceat,
985 837 1082 876 quae
1110 823 1149 862 in
1178 822 1331 877 dialogo
1361 830 1489 864 nostro
1518 823 1648 871 insint,

120 887 286 941 quidque
313 890 456 934 auctor,
486 884 656 938 quisquis
685 886 775 936 fuit,
803 882 1029 941 spectavisse
1060 885 1242 926 videatur.

244 945 441 999 Triephon
461 945 616 999 quidam
646 946 811 986 occurrit
838 946 980 987 Critiae
1007 949 1141 998 amico,
1172 961 1286 1001 quem
1316 947 1485 1001 corporis
1514 947 1646 986 animi-

120 1023 192 1064 que
219 1007 349 1047 habitu
379 1006 491 1046 valde
511 1009 745 1048 conturbato
774 1022 854 1048 esse
880 1009 1053 1049 miratur.
1109 1009 1228 1049 Cuius
1268 1009 1322 1048 rei
1352 1022 1504 1048 causam
1534 1022 1648 1061 quae-

119 1071 216 1111 renti
244 1068 450 1122 respondet
470 1069 621 1119 Critias,
649 1084 690 1110 se
718 1071 886 1110 oratione
914 1086 1053 1124 magna
1084 1072 1214 1124 aliqua
1241 1078 1278 1111 et
1305 1071 1487 1124 impedita
1506 1072 1649 1123 (μέγαν

120 1132 203 1170 τινά
222 1131 294 1169 καί
313 1131 561 1181 ἠπορημένον
584 1131 699 1182 λόγον
718 1132 867 1183 α’κήκοα
888 1146 945 1186 cp.
960 1132 1011 1184 I.)
1032 1134 1181 1185 penitus
1201 1146 1283 1171 esse
1302 1133 1504 1172 attonitum
1520 1146 1529 1180 3
1549 1139 1648 1185 post—

118 1207 231 1247 quam
261 1198 387 1233 autem
416 1192 586 1233 animum
615 1206 727 1233 suum
756 1193 921 1247 collegit,
950 1194 1049 1233 iurat
1077 1208 1147 1248 per
1173 1192 1337 1245 Jovem,
1368 1207 1446 1234 non
1474 1195 1577 1244 tore,
1607 1199 1650 1233 ut

118 1256 197 1309 ipse
225 1254 451 1308 Triephonti
481 1254 688 1308 repetenda
716 1269 771 1305 ea,
807 1270 921 1308 quam
951 1256 1149 1306 audiverit,
1178 1257 1350 1296 oratione
1378 1255 1570 1296 molestias
1598 1255 1650 1294 af·

118 1318 223 1356 terat.
282 1315 329 1356 Id
368 1317 630 1356 iusiurandum
670 1318 767 1358 forte
804 1318 955 1357 fortuna
992 1332 1144 1357 causam
1183 1319 1343 1372 praebet
1379 1318 1429 1357 ad
1457 1317 1650 1371 principes

121 1378 320 1431 gentilium
349 1378 438 1417 deos
467 1379 708 1419 acerbissime
734 1379 1059 1432 perstringendos,
1112 1380 1209 1418 Item
1239 1379 1533 1420 christianorum
1562 1378 1647 1418 reli-

114 1439 206 1491 gio,
245 1453 478 1492 quamquam
509 1439 648 1479 Critias
687 1439 916 1479 exhortante
952 1441 1073 1479 amico
1110 1454 1179 1494 per
1207 1440 1334 1479 Deum
1373 1454 1504 1480 eorum
1536 1440 1648 1489 iurat,

123 1500 216 1540 adeo
247 1515 322 1540 non
353 1500 590 1549 defenditur,
624 1507 665 1540 ut
691 1500 904 1541 luculenter
932 1508 1133 1554 appareat,
1162 1508 1354 1541 auctorem
1383 1502 1496 1541 etiam
1525 1501 1648 1554 magis

121 1562 218 1600 hane
246 1576 361 1614 quam
398 1562 503 1601 illam
542 1563 738 1614 antiquam
774 1562 999 1614 religionem
1038 1563 1316 1602 oblectamento
1352 1569 1390 1603 et
1416 1563 1556 1603 derisui
1583 1563 1647 1602 ha·

122 1623 220 1662 bere.
278 1622 452 1663 Tandem
481 1625 687 1677 abruptum
714 1623 820 1662 filum
850 1624 1077 1673 resumitur,
1114 1631 1151 1663 et
1179 1624 1319 1664 Critias
1355 1625 1507 1678 copiose
1533 1637 1647 1677 expo—

120 1683 195 1732 nit,
239 1684 332 1737 quid
368 1686 407 1723 in
443 1687 596 1725 secretis
624 1685 863 1737 quorundam
893 1685 1183 1724 christianorum
1214 1687 1381 1725 coetibus
1410 1685 1647 1738 compererit,

120 1744 337 1798 passimque
374 1752 506 1785 contra
535 1760 598 1785 eos
627 1759 714 1786 acre
742 1759 931 1785 venenum
969 1746 1140 1785 effundit.
1197 1745 1430 1800 Supervenit
1457 1745 1648 1794 Cleolaus‚

121 1806 184 1858 qui
213 1807 388 1848 nuntium
419 1807 744 1861 praeclarissimae
773 1806 952 1846 victoriae
979 1807 1100 1856 affert,
1131 1821 1245 1859 quam
1267 1806 1482 1860 Imperator
1510 1806 1548 1857 (ὅ
1579 1807 1649 1844 αὔ-

120 1868 341 1920 ιοκράτωρ)
371 1868 418 1907 de
437 1867 564 1907 Persis
593 1869 855 1921 reportaverit.
899 1868 1112 1907 Discedunt
1140 1868 1215 1908 duo
1243 1868 1368 1918 amici,
1397 1882 1539 1921 magno
1558 1881 1649 1920 gau-

120 1928 182 1969 dio
221 1943 266 1969 ac
301 1931 446 1970 maiore
473 1930 585 1970 etiam
614 1943 682 1983 spe
710 1929 797 1968 elati
827 1944 946 1983 quum
974 1929 1021 1968 de
1053 1929 1240 1982 publicis,
1279 1936 1360 1969 tum
1399 1929 1567 1969 maxime
1603 1928 1651 1968 de

118 1992 194 2030 suis
222 1990 378 2045 privatis
406 1994 539 2042 rebus,
569 1993 722 2043 iamque
750 2005 813 2030 eas
839 1992 939 2044 ipsas
969 1992 1173 2043 largitione
1200 1991 1451 2044 potentissimi
1479 1991 1647 2043 Impera-

118 2052 210 2093 toris
236 2053 356 2092 levari
384 2052 592 2092 confidunt.

246 2115 308 2154 Ex
335 2128 393 2165 eo,
423 2114 527 2168 quod
553 2115 691 2153 leviter
718 2114 924 2165 attigimus,
954 2119 1181 2165 argumento
1210 2112 1373 2165 intelligi
1392 2118 1529 2166 potest,
1560 2112 1652 2165 quid

121 2182 253 2215 auctor
281 2177 430 2230 assequi
450 2176 624 2225 voluerit,
655 2176 713 2215 vir
739 2174 882 2214 scilicet
909 2174 1113 2213 admodum
1146 2189 1164 2211 a
1194 2174 1307 2213 rebus
1333 2173 1449 2225 sacris
1468 2173 1651 2211 alienatus

122 2237 349 2291 deditusque
376 2239 452 2289 eis,
491 2252 589 2291 quae
621 2237 670 2278 ad
698 2252 808 2278 usum
841 2237 942 2276 vitae
969 2235 1212 2289 quotidianae
1232 2228 1432 2288 'pertinent
1451 2237 1489 2283 ¹).
1543 2233 1653 2274 Deri—

125 2298 217 2339 dere
244 2301 346 2340 enim
375 2301 502 2340 studet
529 2307 731 2353 utramque
756 2299 995 2351 religionem,
1026 2304 1062 2336 et
1091 2311 1343 2350 paganorum,
1370 2304 1409 2336 et
1435 2296 1654 2336 christiano-

177 2482 202 2521 ·)
232 2480 277 2513 M.
302 2480 469 2514 Gesnerus
492 2481 550 2521 (cf.
575 2480 831 2522 disputationem
856 2478 938 2519 eius,
963 2496 999 2501 -
1026 2479 1058 2509 in
1082 2486 1147 2518 qua
1170 2477 1210 2510 de
1232 2482 1346 2510 nostra
1368 2476 1561 2518 quaestione
1584 2477 1651 2517 agi-

714 2531 720 2538 ·
1014 2527 1647 2561 iiv1.X..61ff.-.51

226 2536 305 2624 tcliiii.
330 2530 831 2624 ξζῗεῖῗῗζῖιὶιωόξίῗζῗρὲῗεξὲα
842 2529 1017 2614 ξίιῗεεοξὲιξι
1027 2538 1146 2612 θ’]ἲιῐετὲ
1171 2528 1298 2621 οέῃεεῗ,
1322 2528 1519 2613 ἓῑῖίθῙαιιᾱιιε
1534 2527 1650 2620 {Cf-7⁸¹

232 2633 363 2668 Uebers.
388 2645 418 2667 υ.
439 2635 586 2675 Luciam
608 2634 751 2676 Leipziy
775 2635 881 2673 1789,
910 2635 938 2663 6.
968 2631 1026 2664 Th.
1047 2642 1086 2672 p.
1109 2633 1176 2664 420
1199 2632 1242 2664 A.
1266 2631 1324 2671 64)
1355 2632 1416 2664 sub
1439 2630 1654 2672 Triephontis

234 2694 390 2726 persona.
436 2685 507 2726 Ego
531 2685 578 2718 ita
601 2695 673 2717 cum
695 2684 758 2717 hoc
780 2683 885 2724 facio,
911 2687 948 2715 ut
970 2687 1137 2714 auctorem
1161 2682 1285 2715 Critiae
1309 2692 1454 2723 quoque,
1476 2682 1654 2724 praecipue

234 2740 382 2769 extremo
407 2735 441 2768 in
465 2735 606 2777 dialogo,
630 2745 722 2768 suam
745 2734 933 2776 opinionem
956 2733 1136 2767 docendam
1160 2734 1337 2767 tradidisse
1359 2743 1520 2766 censeam.
1562 2733 1654 2765 Trie-

170 2781 177 2784 “
236 2787 326 2828 phou
349 2786 436 2820 enim
459 2791 493 2820 et
512 2787 644 2829 Critias,
666 2794 861 2827 quamquam
884 2785 939 2818 hic
960 2785 1051 2818 illius
1075 2794 1110 2818 se
1126 2785 1323 2827 discipulum
1345 2794 1419 2819 esse
1441 2785 1546 2826 fingit,
1569 2785 1654 2817 idem

229 2838 379 2873 sentiunt
400 2842 565 2880 tamquam
589 2839 669 2877 καλὴ
695 2839 832 2879 ξυνωρίς
855 2836 913 2877 (cf.
937 2836 1066 2878 Philop.
1090 2846 1161 2878 cap.
1185 2836 1248 2877 28).
