1800 2981
155 210 374 253 Τιτανιῦδες
408 212 462 254 εἰς
493 210 563 256 ἐμὲ
595 209 745 247 ἀπιδών
774 214 914 248 κ.τ.λ.“
939 211 977 260 ¹).
1034 210 1151 248 Plura
1188 223 1401 250 memorare
1429 209 1587 264 longum
1616 218 1682 250 est.

151 268 255 317 Quin
286 271 397 309 etiam
429 268 625 310 Gesnerus
652 270 868 321 affirmavit,
897 271 1189 324 descriptionem
1216 272 1490 327 Philopatridis
1518 272 1681 327 Nigrino

153 331 311 370 Luciani
340 333 665 372 accommodatam
693 346 794 382 esse,
832 340 869 372 et
895 334 1038 385 optimo
1067 334 1219 386 quidem
1248 335 1352 382 iure,
1380 335 1469 386 quia
1496 335 1681 387 Nigrinus

150 393 258 431 alteri
287 395 460 446 scriptori
490 400 685 447 tamquam
715 394 912 447 exemplar
944 400 1141 448 tantopere
1170 401 1259 435 ante
1285 395 1414 435 oculos
1447 396 1680 445 versabatur,

153 460 192 492 ut
218 454 279 493 vel
309 455 499 494 levissima
528 469 609 505 res,
649 468 795 495 morsus
825 457 944 497 rabidi
974 457 1099 506 canis,
1138 458 1341 513 utrobique
1376 457 1549 498 similiter
1576 471 1681 514 repe-

150 516 271 556 riatur
286 517 332 567 2).

1262 614 1281 625 t

725 705 937 766 caput
971 704 1106 755 ΙΙΙ.

279 843 338 882 Ne
361 844 513 897 longius
541 860 563 884 a
591 845 667 886 fine
693 847 927 897 aberremus,
954 845 1029 884 iam
1057 832 1104 885 ad
1132 846 1253 899 ipsam
1283 845 1572 899 disputationem
1594 859 1675 886 eru—

151 903 323 943 ditissimi
354 904 517 945 Gesnori
547 907 767 956 redeamus,
805 907 1004 946 nobiseum
1033 912 1266 960 reputanteS‚
1308 907 1500 960 quomodo
1528 906 1558 944 is
1586 904 1676 945 inde

149 981 170 1002 a
201 966 323 1018 capite
352 967 415 1007 26.
454 967 562 1007 filum
601 969 930 1009 commentationis
958 982 1048 1009 suae
1075 969 1318 1022 pertexuerit.
1376 968 1501 1017 Quam
1529 974 1677 1009 senten-

149 1027 239 1066 tiam
271 1027 345 1082 (ep.
368 1029 448 1082 26.)
476 1031 542 1069 uni
563 1046 610 1071 ex
638 1032 873 1084 aequalibuS,
904 1033 962 1070 cui
982 1030 1161 1070 Laerosio
1189 1031 1241 1080 (la
1260 1031 1401 1078 Croze)
1426 1034 1563 1070 nomen
1585 1037 1677 1079 erat,

149 1089 293 1137 tribuit,
322 1104 404 1128 eam
434 1093 608 1144 pluribus
637 1094 762 1132 verbis
790 1092 963 1131 refellere
992 1106 1035 1131 ac
1063 1091 1207 1132 diluere
1235 1092 1355 1132 liceat.
1404 1092 1677 1146 Compluribus

149 1150 197 1188 de
226 1152 347 1190 causis
380 1152 544 1191 Laerosii
575 1156 802 1204 coniectura,
833 1168 878 1193 ex
910 1169 984 1207 qua
1012 1155 1186 1214 dialogus
1211 1152 1447 1207 Imperatore
1467 1150 1678 1193 Aureliano

152 1213 398 1264 (270-275)
427 1215 547 1252 faetus
578 1224 644 1265 est,
674 1216 840 1268 aliquam
874 1218 1037 1255 veritatis
1067 1216 1231 1269 speciem
1260 1215 1405 1268 accipit.
1455 1213 1552 1253 Prae
1582 1220 1676 1253 cete-

152 1273 201 1310 ris
231 1274 268 1311 in
299 1273 371 1313 hoc
399 1281 548 1327 tempus
577 1291 635 1316 res
676 1277 832 1316 bellicae
861 1278 995 1317 cadere
1026 1278 1222 1326 videntur,
1260 1290 1419 1329 quarum
1460 1275 1599 1314 mentio
1634 1274 1677 1313 fit

151 1337 225 1385 (cp.
257 1336 338 1383 28.)
368 1336 404 1373 in
436 1339 569 1375 nuntio
599 1338 776 1376 victoriae
806 1339 941 1376 allato:

343 1406 584 1452 „He'nzmzaev
614 1407 740 1458 ὀφρῦς
772 1407 792 1457 ἦ
826 1408 943 1446 πάλαι
975 1408 1158 1458 βυωμένη
1191 1408 1382 1456 Πέρσῶν,

345 1468 423 1505 Καί
452 1471 589 1506 Σοῦσα
620 1471 772 1507 κλεινόν
804 1469 901 1507 ἄστυ
934 1473 1070 1506 κ.τ.λ.“
1092 1468 1134 1519 ³).

154 1542 301 1581 Primus
332 1558 461 1582 versus
492 1546 587 1584 bene
615 1547 775 1584 refertur
804 1547 850 1584 ad
872 1546 1108 1597 Palmyram,
1136 1545 1264 1584 sedem
1285 1545 1490 1592 Zenobiae,
1519 1546 1567 1583 ab
1597 1544 1676 1582 Au-

149 1605 293 1643 reliano
323 1614 596 1658 expugnatam.
637 1607 814 1658 Namque
842 1621 885 1645 ea
916 1606 1094 1645 bellicosa
1123 1605 1317 1645 Odenathi
1346 1619 1456 1654 uxor,
1486 1618 1583 1657 quae
1606 1617 1674 1657 per

151 1667 320 1718 quinque
347 1681 467 1706 annos
496 1682 674 1720 magnam
708 1669 823 1707 Asiae
852 1674 995 1721 partem
1023 1681 1091 1706 suo
1119 1668 1277 1705 arbitrio
1315 1667 1582 1706 moderabatur
1617 1679 1677 1704 eu-

150 1727 283 1778 iusque
310 1729 513 1767 amicitiam
535 1729 677 1776 Persia,
708 1730 907 1777 Armenia,
938 1729 1084 1767 Arabia
1110 1728 1279 1767 studiose
1308 1728 1497 1781 petebant,
1528 1740 1572 1766 eo
1601 1740 1677 1765 ma-

149 1788 265 1826 iorem
297 1797 436 1828 metum
460 1790 641 1828 Romanis
672 1791 874 1837 iniiciebat,
893 1789 1004 1841 -quod
1024 1796 1103 1828 tum
1124 1789 1280 1841 insuper
1308 1789 1340 1826 ei
1365 1804 1387 1826 a
1407 1788 1547 1828 Gothis
1566 1801 1678 1827 vexa-

150 1850 286 1887 bantur
305 1852 337 1901 4)
407 1851 605 1892 Secundus
638 1866 765 1890 versus
794 1852 950 1890 forsitan
985 1852 1251 1900 finfpssolzzcfig
1285 1849 1406 1888 dictus
1433 1849 1503 1897 sit,
1541 1861 1677 1901 neque,

148 1911 236 1962 quia
267 1913 456 1950 ἐπινίκιον
484 1912 642 1951 alieuius
672 1913 836 1951 hominis
864 1912 1007 1964 gaudio
1037 1912 1261 1950 exsultantis
1290 1912 1497 1958 habemus,
1535 1909 1584 1949 ad
1613 1923 1679 1948 un-

147 1986 260 2022 guem
291 1974 530 2012 resecandus.
573 1973 717 2013 Eodem
748 1982 920 2028 tempore
947 1987 1063 2027 penes
1092 1972 1280 2020 Firmum,
1309 1973 1451 2012 socium
1474 1971 1679 2019 Zenobiae,

150 2048 308 2086 regnum
340 2042 420 2074 erat
454 2037 647 2088 Aegypti,
688 2051 802 2088 quam
842 2050 932 2075 mox
971 2043 1147 2088 pacatum
1186 2036 1230 2073 iri
1261 2034 1456 2087 Triephon
1492 2035 1581 2086 (0sz
1597 2032 1679 2082 29.)

148 2095 383 2133 confidenter
411 2104 547 2147 sperat,
607 2096 693 2134 Huc
723 2097 940 2136 addendum
970 2104 1037 2146 est,
1072 2096 1174 2149 quod
1204 2095 1371 2134 Lacrosii
1400 2095 1564 2148 suspicio
1591 2093 1679 2133 satis

151 2156 289 2195 idonea
320 2165 386 2207 est,
419 2172 516 2211 quae
546 2158 689 2211 aliquid
719 2159 812 2197 lucis
841 2159 974 2198 afferat
992 2159 1154 2198 obscuro
1182 2159 1270 2197 huic
1297 2158 1401 2197 loco:
1431 2159 1511 2210 (cp.
1540 2157 1619 2207 9.).
1644 2185 1650 2192 .
1673 2185 1681 2194 .

149 2216 235 2256 οἶδα
262 2220 337 2268 γάρ
354 2223 502 2268 μυρίας
519 2223 761 2268 διαμελεῖστι
790 2223 1011 2269 τμηθείσας
1033 2221 1179 2271 ηΝήσῳ
1197 2222 1239 2258 ἐν
1262 2219 1482 2269 ἀμφιρύτῃ,
1516 2217 1680 2268 Κρήτην

203 2424 227 2463 ·)
254 2423 301 2454 ef,
328 2424 336 2455 l
374 2433 397 2454 ο,
450 2450 453 2453 .
479 2424 551 2455 536.

203 2476 229 2509 ²)
255 2474 304 2506 Cf.
330 2434 461 2515 PhiloIp.
486 2485 534 2514 cp.
558 2475 598 2506 27
622 2479 656 2506 et
678 2473 769 2513 Nigr.
796 2483 843 2513 cp.
869 2473 910 2507 38
935 2473 1002 2513 (ed.
1025 2472 1177 2505 Jacobitz
1201 2472 1254 2505 vol
1289 2471 1315 2503 Ι.
1341 2471 1474 2511 Lipsiae
1504 2470 1607 2509 1836).

204 2527 230 2559 ³)
256 2526 334 2558 Sine
358 2526 456 2558 dubio
482 2525 578 2565 primi
603 2525 667 2557 duo
691 2533 806 2556 versus
831 2534 929 2555 unum
954 2523 1116 2563 efficiunt3
1140 2524 1188 2555 ita
1211 2522 1423 2563 interpretari
1442 2522 1590 2563 cogimur
1612 2530 1683 2552 ver-

254 2577 304 2609 bis
329 2576 472 2617 ,,ὸ“’ἔιι“,
506 2585 589 2616 quae
617 2575 880 2608 coniunctionem
910 2574 1045 2607 secundi
1077 2579 1111 2606 et
1140 2575 1231 2607 tertii
1260 2582 1376 2606 versus
1406 2584 1471 2606 non
1493 2573 1682 2606 admittunt.

254 2628 354 2660 Falso
380 2628 480 2668 igitur
497 2629 662 2659 Gesnerus
684 2627 799 2659 vertit:
825 2627 1014 2666 „Cadetque
1037 2626 1122 2659 Susa
1143 2636 1219 2658 mox
1233 2651 1240 2659 .
1254 2651 1261 2657 .
1276 2651 1305 2659 ..
1331 2625 1371 2658 cf.
1395 2635 1426 2665 p.
1451 2623 1513 2657 266
1536 2623 1587 2656 ed.
1611 2623 1682 2663 Bip.

252 2684 283 2710 et
308 2679 435 2719 Corpus
460 2679 657 2719 scriptorum
690 2678 852 2710 historiae·
881 2677 1080 2719 Byzantinae
1102 2677 1160 2709 XI.
1185 2677 1274 2717 ⁷,Leo
1296 2677 1485 2709 I)iac0nus“
1510 2684 1543 2716 p.
1566 2675 1626 2707 341
1653 2678 1686 2705 et

254 2731 331 2762 diss.
357 2731 441 2762 Gesn
483 2741 520 2770 sp
557 2730 711 2761 XXXlV.

198 2784 220 2816 ⁴,
251 2783 298 2813 (fif.
328 2781 490 2814 Gibbon’s
516 2781 634 2813 Gesch.
666 2782 722 2812 (lrs
758 2781 901 2820 Verti‘clls
932 2781 1004 2812 und
1033 2779 1244 2821 Unterycmys
1274 2780 1331 2811 cles
1362 2782 1430 2809 νόω
1468 2776 1622 2815 Reiches,
1654 2780 1683 2806 2.

255 2833 320 2865 Bel.
347 2837 380 2865 sl.
408 2832 468 2864 Th.
487 2842 525 2873 p.
549 2834 618 2864 258
639 2835 673 2872 η’,
714 2831 879 2872 (Franks.
906 2842 937 2864 u.
963 2831 1082 2873 Leipe.
1109 2831 1230 2870 1800.)
