<?xml version="1.0" encoding="UTF-8"?>
<!DOCTYPE html PUBLIC "-//W3C//DTD XHTML 1.0 Transitional//EN"
    "http://www.w3.org/TR/xhtml1/DTD/xhtml1-transitional.dtd">
<html xmlns="http://www.w3.org/1999/xhtml" xml:lang="en" lang="en">
 <head>
  <title>
</title>
<meta http-equiv="Content-Type" content="text/html;charset=utf-8" />
  <meta name='ocr-system' content='tesseract 3.04.00' />
  <meta name='ocr-capabilities' content='ocr_page ocr_carea ocr_par ocr_line ocrx_word'/>
</head>
<body>
  <div class='ocr_page' id='page_1' title='image "4737238_0019.png"; bbox 0 0 1800 2981; ppageno 0'>
   <div class='ocr_carea' id='block_1_1' title="bbox 0 2360 14 2869">
    <p class='ocr_par' dir='ltr' id='par_1_1' title="bbox 0 2360 14 2869">
     <span class='ocr_line' id='line_1_1' title="bbox 0 2360 14 2869; baseline 0 0"><span class='ocrx_word' id='word_1_1' title='bbox 0 2360 14 2869; x_wconf 95' lang='lat' dir='ltr'><strong> </strong></span> 
     </span>
    </p>
   </div>
   <div class='ocr_carea' id='block_1_2' title="bbox 706 68 966 108">
    <p class='ocr_par' dir='ltr' id='par_1_2' title="bbox 706 68 966 108">
     <span class='ocr_line' id='line_1_2' title="bbox 706 68 966 108; baseline -0.008 -10"><span class='ocrx_word' id='word_1_2' title='bbox 706 68 966 108; x_wconf 49' lang='grc'><strong>,13-</strong></span> 
     </span>
    </p>
   </div>
   <div class='ocr_carea' id='block_1_3' title="bbox 82 163 1655 2382">
    <p class='ocr_par' dir='ltr' id='par_1_3' title="bbox 82 163 1646 1892">
     <span class='ocr_line' id='line_1_3' title="bbox 82 163 1600 244; baseline -0.02 -17"><span class='ocrx_word' id='word_1_3' title='bbox 82 189 286 244; x_wconf 62' lang='grc' dir='ltr'><strong>μετρήσας</strong></span> <span class='ocrx_word' id='word_1_4' title='bbox 322 180 642 231; x_wconf 76' lang='grc' dir='ltr'><em>κατεμέμφοντη,</em></span> <span class='ocrx_word' id='word_1_5' title='bbox 677 176 930 227; x_wconf 73' lang='grc' dir='ltr'><strong><em>βεβαρῆσθαι</em></strong></span> <span class='ocrx_word' id='word_1_6' title='bbox 964 172 1096 210; x_wconf 73' lang='grc' dir='ltr'><strong><em>αὐτῶν</em></strong></span> <span class='ocrx_word' id='word_1_7' title='bbox 1124 170 1191 218; x_wconf 73' lang='grc' dir='ltr'><strong>τήν</strong></span> <span class='ocrx_word' id='word_1_8' title='bbox 1221 168 1360 217; x_wconf 71' lang='grc' dir='ltr'><em>χώραν</em></span> <span class='ocrx_word' id='word_1_9' title='bbox 1390 163 1600 200; x_wconf 76' lang='grc' dir='ltr'><strong>καταιτι’ω--</strong></span> 
     </span>
     <span class='ocr_line' id='line_1_4' title="bbox 82 225 1601 305; baseline -0.024 -11"><span class='ocrx_word' id='word_1_10' title='bbox 82 267 238 305; x_wconf 83' lang='grc' dir='ltr'><strong><em>μενοι..</em></strong></span> <span class='ocrx_word' id='word_1_11' title='bbox 256 277 289 285; x_wconf 92' lang='grc'><strong>..</strong></span> <span class='ocrx_word' id='word_1_12' title='bbox 331 244 474 294; x_wconf 78' lang='grc' dir='ltr'><em>ἄνδρας</em></span> <span class='ocrx_word' id='word_1_13' title='bbox 503 239 703 287; x_wconf 43' lang='lat' dir='ltr'><strong>&amp;geminas-</strong></span> <span class='ocrx_word' id='word_1_14' title='bbox 732 235 973 284; x_wconf 80' lang='grc' dir='ltr'><strong><em>κατέπεμπε,</em></strong></span> <span class='ocrx_word' id='word_1_15' title='bbox 1003 232 1095 277; x_wconf 70' lang='grc' dir='ltr'><strong>τούς</strong></span> <span class='ocrx_word' id='word_1_16' title='bbox 1123 231 1165 268; x_wconf 71' lang='grc' dir='ltr'><strong>τό</strong></span> <span class='ocrx_word' id='word_1_17' title='bbox 1203 229 1372 279; x_wconf 70' lang='grc' dir='ltr'>ἀζήμιον</span> <span class='ocrx_word' id='word_1_18' title='bbox 1402 230 1485 269; x_wconf 78' lang='grc' dir='ltr'><strong><em>τοῖς</em></strong></span> <span class='ocrx_word' id='word_1_19' title='bbox 1516 225 1601 272; x_wconf 37' lang='grc' dir='ltr'><em>ὅπη-ι</em></span> 
     </span>
     <span class='ocr_line' id='line_1_5' title="bbox 85 285 1604 359; baseline -0.019 -7"><span class='ocrx_word' id='word_1_20' title='bbox 85 321 189 357; x_wconf 65' lang='grc' dir='ltr'><strong><em>θεῖσι</em></strong></span> <span class='ocrx_word' id='word_1_21' title='bbox 222 305 507 359; x_wconf 69' lang='grc' dir='ltr'>παρέξονταςῆ</span> <span class='ocrx_word' id='word_1_22' title='bbox 542 301 669 355; x_wconf 85' lang='lat' dir='ltr'><strong>pergit</strong></span> <span class='ocrx_word' id='word_1_23' title='bbox 696 297 891 339; x_wconf 81' lang='lat' dir='ltr'><strong>Gesnerus</strong></span> <span class='ocrx_word' id='word_1_24' title='bbox 931 294 1007 335; x_wconf 86' lang='lat' dir='ltr'><strong>suis</strong></span> <span class='ocrx_word' id='word_1_25' title='bbox 1042 291 1166 332; x_wconf 84' lang='lat' dir='ltr'><strong>verbis</strong></span> <span class='ocrx_word' id='word_1_26' title='bbox 1193 289 1265 328; x_wconf 88' lang='lat' dir='ltr'><strong>ita:</strong></span> <span class='ocrx_word' id='word_1_27' title='bbox 1313 288 1534 340; x_wconf 78' lang='lat' dir='ltr'><strong>„Apparet,</strong></span> <span class='ocrx_word' id='word_1_28' title='bbox 1573 285 1604 324; x_wconf 88' lang='lat' dir='ltr'><strong>si</strong></span> 
     </span>
     <span class='ocr_line' id='line_1_6' title="bbox 86 346 1605 418; baseline -0.021 -3"><span class='ocrx_word' id='word_1_29' title='bbox 86 374 177 418; x_wconf 88' lang='lat' dir='ltr'><strong>nihil</strong></span> <span class='ocrx_word' id='word_1_30' title='bbox 209 366 364 410; x_wconf 78' lang='lat' dir='ltr'><strong>aliunde</strong></span> <span class='ocrx_word' id='word_1_31' title='bbox 401 364 600 411; x_wconf 83' lang='lat' dir='ltr'><strong>afferatur,</strong></span> <span class='ocrx_word' id='word_1_32' title='bbox 654 360 755 414; x_wconf 90' lang='lat' dir='ltr'><strong>quod</strong></span> <span class='ocrx_word' id='word_1_33' title='bbox 794 357 1016 412; x_wconf 88' lang='lat' dir='ltr'><strong>prohibeat,</strong></span> <span class='ocrx_word' id='word_1_34' title='bbox 1064 350 1262 392; x_wconf 86' lang='lat' dir='ltr'><strong>commode</strong></span> <span class='ocrx_word' id='word_1_35' title='bbox 1297 349 1413 387; x_wconf 85' lang='lat' dir='ltr'><strong>verba</strong></span> <span class='ocrx_word' id='word_1_36' title='bbox 1455 346 1605 385; x_wconf 74' lang='lat' dir='ltr'><strong>Eusebii</strong></span> 
     </span>
     <span class='ocr_line' id='line_1_7' title="bbox 87 408 1608 490; baseline -0.018 -18"><span class='ocrx_word' id='word_1_37' title='bbox 87 440 132 479; x_wconf 73' lang='lat' dir='ltr'><strong>de</strong></span> <span class='ocrx_word' id='word_1_38' title='bbox 159 433 281 490; x_wconf 80' lang='lat' dir='ltr'><strong>prima</strong></span> <span class='ocrx_word' id='word_1_39' title='bbox 316 426 429 467; x_wconf 83' lang='lat' dir='ltr'><strong>huius</strong></span> <span class='ocrx_word' id='word_1_40' title='bbox 462 423 629 463; x_wconf 81' lang='lat' dir='ltr'><strong>muneris</strong></span> <span class='ocrx_word' id='word_1_41' title='bbox 666 420 816 474; x_wconf 84' lang='lat' dir='ltr'><strong>origine</strong></span> <span class='ocrx_word' id='word_1_42' title='bbox 851 430 962 473; x_wconf 89' lang='lat' dir='ltr'><strong>posse</strong></span> <span class='ocrx_word' id='word_1_43' title='bbox 1002 413 1178 466; x_wconf 85' lang='lat' dir='ltr'><strong>intelligi.</strong></span> <span class='ocrx_word' id='word_1_44' title='bbox 1236 409 1397 450; x_wconf 79' lang='lat' dir='ltr'>Occasio</span> <span class='ocrx_word' id='word_1_45' title='bbox 1434 408 1608 448; x_wconf 82' lang='lat' dir='ltr'><strong>mittendi</strong></span> 
     </span>
     <span class='ocr_line' id='line_1_8' title="bbox 89 469 1608 546; baseline -0.017 -9"><span class='ocrx_word' id='word_1_46' title='bbox 89 496 384 546; x_wconf 81' lang='lat' dir='ltr'><strong>Peraequatores</strong></span> <span class='ocrx_word' id='word_1_47' title='bbox 430 486 635 534; x_wconf 85' lang='lat' dir='ltr'><strong>indicatur,</strong></span> <span class='ocrx_word' id='word_1_48' title='bbox 681 481 820 522; x_wconf 87' lang='lat' dir='ltr'><strong>iustitia</strong></span> <span class='ocrx_word' id='word_1_49' title='bbox 865 481 903 518; x_wconf 93' lang='lat' dir='ltr'><strong>in</strong></span> <span class='ocrx_word' id='word_1_50' title='bbox 950 492 995 517; x_wconf 86' lang='lat' dir='ltr'><strong>ea</strong></span> <span class='ocrx_word' id='word_1_51' title='bbox 1032 490 1082 533; x_wconf 84' lang='lat' dir='ltr'><strong>rc</strong></span> <span class='ocrx_word' id='word_1_52' title='bbox 1128 471 1368 514; x_wconf 69' lang='lat' dir='ltr'><strong>Constantini</strong></span> <span class='ocrx_word' id='word_1_53' title='bbox 1414 469 1608 511; x_wconf 85' lang='lat' dir='ltr'><strong>laudatur:</strong></span> 
     </span>
     <span class='ocr_line' id='line_1_9' title="bbox 90 530 1613 615; baseline -0.018 -20"><span class='ocrx_word' id='word_1_54' title='bbox 90 556 188 615; x_wconf 78' lang='lat' dir='ltr'><strong>quod</strong></span> <span class='ocrx_word' id='word_1_55' title='bbox 225 565 302 592; x_wconf 91' lang='lat' dir='ltr'><strong>non</strong></span> <span class='ocrx_word' id='word_1_56' title='bbox 343 549 438 589; x_wconf 88' lang='lat' dir='ltr'><strong>adeo</strong></span> <span class='ocrx_word' id='word_1_57' title='bbox 466 559 647 599; x_wconf 85' lang='lat' dir='ltr'><strong>magnam</strong></span> <span class='ocrx_word' id='word_1_58' title='bbox 675 545 752 582; x_wconf 90' lang='lat' dir='ltr'><strong>vim</strong></span> <span class='ocrx_word' id='word_1_59' title='bbox 781 542 961 589; x_wconf 87' lang='lat' dir='ltr'><strong>haberet,</strong></span> <span class='ocrx_word' id='word_1_60' title='bbox 999 537 1071 576; x_wconf 87' lang='lat' dir='ltr'><strong>nisi</strong></span> <span class='ocrx_word' id='word_1_61' title='bbox 1105 535 1171 574; x_wconf 92' lang='lat' dir='ltr'><strong>ille</strong></span> <span class='ocrx_word' id='word_1_62' title='bbox 1202 533 1346 587; x_wconf 86' lang='lat' dir='ltr'><strong>primus</strong></span> <span class='ocrx_word' id='word_1_63' title='bbox 1373 531 1410 570; x_wconf 91' lang='lat' dir='ltr'><strong>id</strong></span> <span class='ocrx_word' id='word_1_64' title='bbox 1441 530 1613 570; x_wconf 80' lang='lat' dir='ltr'><strong>beneficii</strong></span> 
     </span>
     <span class='ocr_line' id='line_1_10' title="bbox 90 593 1616 666; baseline -0.02 -7"><span class='ocrx_word' id='word_1_65' title='bbox 90 621 253 662; x_wconf 83' lang='lat' dir='ltr'><strong>tribuere</strong></span> <span class='ocrx_word' id='word_1_66' title='bbox 289 609 477 666; x_wconf 77' lang='lat' dir='ltr'>oppressis</span> <span class='ocrx_word' id='word_1_67' title='bbox 509 606 768 647; x_wconf 86' lang='lat' dir='ltr'><strong>instituisset“.</strong></span> <span class='ocrx_word' id='word_1_68' title='bbox 835 601 954 651; x_wconf 82' lang='lat' dir='ltr'><strong>Quasi</strong></span> <span class='ocrx_word' id='word_1_69' title='bbox 993 612 1070 638; x_wconf 89' lang='lat' dir='ltr'><strong>non</strong></span> <span class='ocrx_word' id='word_1_70' title='bbox 1107 598 1190 651; x_wconf 85' lang='lat' dir='ltr'><strong>ipsa</strong></span> <span class='ocrx_word' id='word_1_71' title='bbox 1227 608 1349 648; x_wconf 86' lang='lat' dir='ltr'><strong>aequa</strong></span> <span class='ocrx_word' id='word_1_72' title='bbox 1384 593 1616 637; x_wconf 77' lang='lat' dir='ltr'><strong>tributorum¹</strong></span> 
     </span>
     <span class='ocr_line' id='line_1_11' title="bbox 93 653 1614 729; baseline -0.018 -11"><span class='ocrx_word' id='word_1_73' title='bbox 93 674 291 729; x_wconf 74' lang='lat' dir='ltr'><strong>descriptio</strong></span> <span class='ocrx_word' id='word_1_74' title='bbox 316 673 393 711; x_wconf 90' lang='lat' dir='ltr'><strong>iam</strong></span> <span class='ocrx_word' id='word_1_75' title='bbox 412 667 637 723; x_wconf 80' lang='lat' dir='ltr'><strong>Imperatori</strong></span> <span class='ocrx_word' id='word_1_76' title='bbox 668 678 810 718; x_wconf 83' lang='lat' dir='ltr'><strong>magno</strong></span> <span class='ocrx_word' id='word_1_77' title='bbox 837 661 971 702; x_wconf 89' lang='lat' dir='ltr'><strong>honori</strong></span> <span class='ocrx_word' id='word_1_78' title='bbox 1000 659 1125 708; x_wconf 88' lang='lat' dir='ltr'><strong>fuerit,</strong></span> <span class='ocrx_word' id='word_1_79' title='bbox 1155 680 1204 687; x_wconf 92' lang='grc'><strong>-</strong></span> <span class='ocrx_word' id='word_1_80' title='bbox 1223 655 1289 695; x_wconf 88' lang='lat' dir='ltr'><strong>sed</strong></span> <span class='ocrx_word' id='word_1_81' title='bbox 1317 655 1398 707; x_wconf 89' lang='lat' dir='ltr'><strong>ipse</strong></span> <span class='ocrx_word' id='word_1_82' title='bbox 1425 653 1614 707; x_wconf 81' lang='lat' dir='ltr'><strong>procedit:</strong></span> 
     </span>
     <span class='ocr_line' id='line_1_12' title="bbox 98 713 1618 793; baseline -0.018 -14"><span class='ocrx_word' id='word_1_83' title='bbox 98 742 173 793; x_wconf 84' lang='lat' dir='ltr'><strong>„At</strong></span> <span class='ocrx_word' id='word_1_84' title='bbox 208 734 376 789; x_wconf 87' lang='lat' dir='ltr'><strong>loquitur</strong></span> <span class='ocrx_word' id='word_1_85' title='bbox 407 739 603 783; x_wconf 81' lang='lat' dir='ltr'><strong>tamquam</strong></span> <span class='ocrx_word' id='word_1_86' title='bbox 641 727 689 767; x_wconf 92' lang='lat' dir='ltr'><strong>de</strong></span> <span class='ocrx_word' id='word_1_87' title='bbox 714 725 932 765; x_wconf 88' lang='lat' dir='ltr'><strong>hominibus</strong></span> <span class='ocrx_word' id='word_1_88' title='bbox 970 722 1061 761; x_wconf 90' lang='lat' dir='ltr'><strong>olim</strong></span> <span class='ocrx_word' id='word_1_89' title='bbox 1092 719 1188 758; x_wconf 86' lang='lat' dir='ltr'><strong>notis</strong></span> <span class='ocrx_word' id='word_1_90' title='bbox 1219 715 1442 756; x_wconf 86' lang='lat' dir='ltr'><strong>Eusebius.“</strong></span> <span class='ocrx_word' id='word_1_91' title='bbox 1500 713 1618 753; x_wconf 86' lang='lat' dir='ltr'><strong>Recte</strong></span> 
     </span>
     <span class='ocr_line' id='line_1_13' title="bbox 96 775 1619 851; baseline -0.018 -12"><span class='ocrx_word' id='word_1_92' title='bbox 96 806 156 851; x_wconf 82' lang='lat' dir='ltr'><strong>ita,</strong></span> <span class='ocrx_word' id='word_1_93' title='bbox 184 810 271 838; x_wconf 85' lang='lat' dir='ltr'><strong>nam</strong></span> <span class='ocrx_word' id='word_1_94' title='bbox 296 792 519 847; x_wconf 85' lang='lat' dir='ltr'><strong>simpliciter</strong></span> <span class='ocrx_word' id='word_1_95' title='bbox 538 790 728 829; x_wconf 84' lang='lat' dir='ltr'><strong>ministros</strong></span> <span class='ocrx_word' id='word_1_96' title='bbox 757 793 889 826; x_wconf 80' lang='lat' dir='ltr'><strong>vocat:</strong></span> <span class='ocrx_word' id='word_1_97' title='bbox 921 784 1090 835; x_wconf 56' lang='grc' dir='ltr'><em>»ἄνδρας</em></span> <span class='ocrx_word' id='word_1_98' title='bbox 1110 779 1341 828; x_wconf 75' lang='grc' dir='ltr'><strong><em>ἐξισωτάς“,</em></strong></span> <span class='ocrx_word' id='word_1_99' title='bbox 1366 776 1458 815; x_wconf 89' lang='lat' dir='ltr'><strong>nihil</strong></span> <span class='ocrx_word' id='word_1_100' title='bbox 1488 775 1619 814; x_wconf 87' lang='lat' dir='ltr'><strong>adiun-</strong></span> 
     </span>
     <span class='ocr_line' id='line_1_14' title="bbox 97 835 1622 917; baseline -0.018 -16"><span class='ocrx_word' id='word_1_101' title='bbox 97 874 200 917; x_wconf 86' lang='lat' dir='ltr'><strong>gens,</strong></span> <span class='ocrx_word' id='word_1_102' title='bbox 228 856 331 897; x_wconf 88' lang='lat' dir='ltr'><strong>unde</strong></span> <span class='ocrx_word' id='word_1_103' title='bbox 359 859 506 907; x_wconf 86' lang='lat' dir='ltr'><strong>pateat,</strong></span> <span class='ocrx_word' id='word_1_104' title='bbox 545 863 686 890; x_wconf 89' lang='lat' dir='ltr'><strong>novum</strong></span> <span class='ocrx_word' id='word_1_105' title='bbox 716 860 853 888; x_wconf 90' lang='lat' dir='ltr'><strong>munus</strong></span> <span class='ocrx_word' id='word_1_106' title='bbox 885 844 1042 885; x_wconf 86' lang='lat' dir='ltr'><strong>indicari</strong></span> <span class='ocrx_word' id='word_1_107' title='bbox 1073 852 1111 883; x_wconf 92' lang='lat' dir='ltr'><strong>et</strong></span> <span class='ocrx_word' id='word_1_108' title='bbox 1140 854 1262 895; x_wconf 87' lang='lat' dir='ltr'><strong>nuper</strong></span> <span class='ocrx_word' id='word_1_109' title='bbox 1290 839 1514 878; x_wconf 88' lang='lat' dir='ltr'><strong>institutum.</strong></span> <span class='ocrx_word' id='word_1_110' title='bbox 1571 835 1622 875; x_wconf 90' lang='lat' dir='ltr'><strong>Et</strong></span> 
     </span>
     <span class='ocr_line' id='line_1_15' title="bbox 101 899 1623 978; baseline -0.018 -15"><span class='ocrx_word' id='word_1_111' title='bbox 101 929 177 978; x_wconf 87' lang='lat' dir='ltr'><strong>ipse</strong></span> <span class='ocrx_word' id='word_1_112' title='bbox 204 918 399 961; x_wconf 79' lang='lat' dir='ltr'><strong>Gesnerus</strong></span> <span class='ocrx_word' id='word_1_113' title='bbox 428 916 500 954; x_wconf 91' lang='lat' dir='ltr'><strong>hoc</strong></span> <span class='ocrx_word' id='word_1_114' title='bbox 527 913 665 961; x_wconf 87' lang='lat' dir='ltr'><strong>sensit,</strong></span> <span class='ocrx_word' id='word_1_115' title='bbox 699 908 933 964; x_wconf 88' lang='lat' dir='ltr'><strong>respondens</strong></span> <span class='ocrx_word' id='word_1_116' title='bbox 962 906 1009 946; x_wconf 88' lang='lat' dir='ltr'><strong>ad</strong></span> <span class='ocrx_word' id='word_1_117' title='bbox 1040 904 1313 945; x_wconf 82' lang='lat' dir='ltr'><strong>dubitationem</strong></span> <span class='ocrx_word' id='word_1_118' title='bbox 1343 916 1364 940; x_wconf 93' lang='lat' dir='ltr'><strong>a</strong></span> <span class='ocrx_word' id='word_1_119' title='bbox 1392 913 1432 939; x_wconf 85' lang='lat' dir='ltr'><strong>se</strong></span> <span class='ocrx_word' id='word_1_120' title='bbox 1458 899 1530 938; x_wconf 87' lang='lat' dir='ltr'><strong>sibi</strong></span> <span class='ocrx_word' id='word_1_121' title='bbox 1559 912 1623 952; x_wconf 87' lang='lat' dir='ltr'><strong>op-</strong></span> 
     </span>
     <span class='ocr_line' id='line_1_16' title="bbox 101 960 1624 1039; baseline -0.017 -16"><span class='ocrx_word' id='word_1_122' title='bbox 101 985 279 1039; x_wconf 80' lang='lat' dir='ltr'><strong>positam:</strong></span> <span class='ocrx_word' id='word_1_123' title='bbox 340 977 480 1028; x_wconf 83' lang='lat' dir='ltr'><strong>„Recte</strong></span> <span class='ocrx_word' id='word_1_124' title='bbox 508 974 603 1014; x_wconf 91' lang='lat' dir='ltr'><strong>illud</strong></span> <span class='ocrx_word' id='word_1_125' title='bbox 632 973 798 1027; x_wconf 90' lang='lat' dir='ltr'><strong>quidem.</strong></span> <span class='ocrx_word' id='word_1_126' title='bbox 855 970 944 1018; x_wconf 86' lang='lat' dir='ltr'><strong>Quo</strong></span> <span class='ocrx_word' id='word_1_127' title='bbox 974 969 1074 1008; x_wconf 90' lang='lat' dir='ltr'><strong>enim</strong></span> <span class='ocrx_word' id='word_1_128' title='bbox 1103 975 1275 1019; x_wconf 88' lang='lat' dir='ltr'><strong>tempore</strong></span> <span class='ocrx_word' id='word_1_129' title='bbox 1302 965 1395 1002; x_wconf 88' lang='lat' dir='ltr'><strong>haec</strong></span> <span class='ocrx_word' id='word_1_130' title='bbox 1423 960 1624 1008; x_wconf 77' lang='lat' dir='ltr'><strong>scribebat,</strong></span> 
     </span>
     <span class='ocr_line' id='line_1_17' title="bbox 103 1022 1624 1086; baseline -0.017 -1"><span class='ocrx_word' id='word_1_131' title='bbox 103 1047 177 1086; x_wconf 89' lang='lat' dir='ltr'><strong>noti</strong></span> <span class='ocrx_word' id='word_1_132' title='bbox 204 1044 320 1082; x_wconf 82' lang='lat' dir='ltr'><strong>fuere.</strong></span> <span class='ocrx_word' id='word_1_133' title='bbox 359 1040 465 1079; x_wconf 87' lang='lat' dir='ltr'><strong>Ante</strong></span> <span class='ocrx_word' id='word_1_134' title='bbox 485 1035 724 1077; x_wconf 82' lang='lat' dir='ltr'><strong>Constantini</strong></span> <span class='ocrx_word' id='word_1_135' title='bbox 745 1040 907 1073; x_wconf 87' lang='lat' dir='ltr'><strong>aetatem</strong></span> <span class='ocrx_word' id='word_1_136' title='bbox 936 1034 1214 1084; x_wconf 87' lang='lat' dir='ltr'><strong>potuerunt</strong></span> <span class='ocrx_word' id='word_1_137' title='bbox 1233 1025 1448 1079; x_wconf 88' lang='lat' dir='ltr'><strong>(quaeritur</strong></span> <span class='ocrx_word' id='word_1_138' title='bbox 1474 1022 1624 1061; x_wconf 87' lang='lat' dir='ltr'><strong>nonnisi</strong></span> 
     </span>
     <span class='ocr_line' id='line_1_18' title="bbox 106 1088 1627 1155; baseline -0.016 -10"><span class='ocrx_word' id='word_1_139' title='bbox 106 1110 185 1155; x_wconf 89' lang='lat' dir='ltr'><strong>hoc,</strong></span> <span class='ocrx_word' id='word_1_140' title='bbox 215 1110 339 1143; x_wconf 89' lang='lat' dir='ltr'><strong>utrum</strong></span> <span class='ocrx_word' id='word_1_141' title='bbox 362 1099 627 1139; x_wconf 82' lang='lat' dir='ltr'><strong>debuerint</strong></span> <span class='ocrx_word' id='word_1_142' title='bbox 653 1097 767 1135; x_wconf 85' lang='lat' dir='ltr'><strong>fuisse</strong></span> <span class='ocrx_word' id='word_1_143' title='bbox 790 1094 924 1147; x_wconf 85' lang='lat' dir='ltr'><strong>ignoti,</strong></span> <span class='ocrx_word' id='word_1_144' title='bbox 952 1105 1090 1139; x_wconf 75' lang='lat' dir='ltr'><strong>necne3</strong></span> <span class='ocrx_word' id='word_1_145' title='bbox 1119 1103 1181 1128; x_wconf 88' lang='lat' dir='ltr'><strong>eos</strong></span> <span class='ocrx_word' id='word_1_146' title='bbox 1207 1088 1431 1141; x_wconf 70' lang='lat' dir='ltr'><strong>potuisse</strong></span> <span class='ocrx_word' id='word_1_147' title='bbox 1455 1088 1627 1137; x_wconf 87' lang='lat' dir='ltr'><strong>apparet)</strong></span> 
     </span>
     <span class='ocr_line' id='line_1_19' title="bbox 105 1146 1629 1218; baseline -0.016 -11"><span class='ocrx_word' id='word_1_148' title='bbox 105 1168 215 1208; x_wconf 87' lang='lat' dir='ltr'><strong>fuisse</strong></span> <span class='ocrx_word' id='word_1_149' title='bbox 242 1163 402 1218; x_wconf 82' lang='lat' dir='ltr'><strong>ignoti.“</strong></span> <span class='ocrx_word' id='word_1_150' title='bbox 452 1160 557 1213; x_wconf 86' lang='lat' dir='ltr'><strong>Ergo</strong></span> <span class='ocrx_word' id='word_1_151' title='bbox 586 1161 659 1198; x_wconf 89' lang='lat' dir='ltr'><strong>hoc</strong></span> <span class='ocrx_word' id='word_1_152' title='bbox 678 1156 865 1197; x_wconf 85' lang='lat' dir='ltr'><strong>vocabulo</strong></span> <span class='ocrx_word' id='word_1_153' title='bbox 894 1168 983 1193; x_wconf 86' lang='lat' dir='ltr'><strong>usus</strong></span> <span class='ocrx_word' id='word_1_154' title='bbox 1013 1150 1211 1192; x_wconf 86' lang='lat' dir='ltr'><strong>Gesnerus</strong></span> <span class='ocrx_word' id='word_1_155' title='bbox 1239 1148 1375 1188; x_wconf 89' lang='lat' dir='ltr'><strong>docere</strong></span> <span class='ocrx_word' id='word_1_156' title='bbox 1403 1146 1540 1185; x_wconf 87' lang='lat' dir='ltr'><strong>frustra</strong></span> <span class='ocrx_word' id='word_1_157' title='bbox 1570 1158 1629 1183; x_wconf 92' lang='lat' dir='ltr'><strong>co-</strong></span> 
     </span>
     <span class='ocr_line' id='line_1_20' title="bbox 108 1207 1629 1276; baseline -0.016 -9"><span class='ocrx_word' id='word_1_158' title='bbox 108 1236 227 1276; x_wconf 86' lang='lat' dir='ltr'><strong>natur,</strong></span> <span class='ocrx_word' id='word_1_159' title='bbox 257 1232 346 1264; x_wconf 88' lang='lat' dir='ltr'><strong>ante</strong></span> <span class='ocrx_word' id='word_1_160' title='bbox 375 1223 421 1263; x_wconf 87' lang='lat' dir='ltr'><strong>C.</strong></span> <span class='ocrx_word' id='word_1_161' title='bbox 452 1221 505 1260; x_wconf 91' lang='lat' dir='ltr'><strong>M.</strong></span> <span class='ocrx_word' id='word_1_162' title='bbox 535 1220 704 1259; x_wconf 84' lang='lat' dir='ltr'><strong>libellum</strong></span> <span class='ocrx_word' id='word_1_163' title='bbox 737 1225 907 1257; x_wconf 86' lang='lat' dir='ltr'><strong>nostrum</strong></span> <span class='ocrx_word' id='word_1_164' title='bbox 938 1215 1118 1267; x_wconf 85' lang='lat' dir='ltr'><strong>scriptum</strong></span> <span class='ocrx_word' id='word_1_165' title='bbox 1150 1225 1223 1250; x_wconf 90' lang='lat' dir='ltr'><strong>non</strong></span> <span class='ocrx_word' id='word_1_166' title='bbox 1255 1223 1346 1248; x_wconf 81' lang='lat' dir='ltr'><strong>esse.</strong></span> <span class='ocrx_word' id='word_1_167' title='bbox 1388 1207 1525 1259; x_wconf 86' lang='lat' dir='ltr'><strong>Neque</strong></span> <span class='ocrx_word' id='word_1_168' title='bbox 1553 1219 1629 1243; x_wconf 87' lang='lat' dir='ltr'><strong>ma-</strong></span> 
     </span>
     <span class='ocr_line' id='line_1_21' title="bbox 108 1265 1631 1335; baseline -0.018 -6"><span class='ocrx_word' id='word_1_169' title='bbox 108 1291 192 1331; x_wconf 82' lang='lat' dir='ltr'><strong>ioris</strong></span> <span class='ocrx_word' id='word_1_170' title='bbox 212 1287 394 1327; x_wconf 88' lang='lat' dir='ltr'><strong>momenti</strong></span> <span class='ocrx_word' id='word_1_171' title='bbox 421 1291 521 1332; x_wconf 83' lang='lat' dir='ltr'><strong>sunt,</strong></span> <span class='ocrx_word' id='word_1_172' title='bbox 552 1295 649 1335; x_wconf 87' lang='lat' dir='ltr'><strong>quae</strong></span> <span class='ocrx_word' id='word_1_173' title='bbox 671 1279 883 1327; x_wconf 86' lang='lat' dir='ltr'><strong>Gesnerus,</strong></span> <span class='ocrx_word' id='word_1_174' title='bbox 913 1284 954 1315; x_wconf 90' lang='lat' dir='ltr'><strong>ut</strong></span> <span class='ocrx_word' id='word_1_175' title='bbox 980 1273 1337 1314; x_wconf 80' lang='lat' dir='ltr'><strong>commentationem</strong></span> <span class='ocrx_word' id='word_1_176' title='bbox 1370 1273 1538 1307; x_wconf 88' lang='lat' dir='ltr'><strong>nostram</strong></span> <span class='ocrx_word' id='word_1_177' title='bbox 1557 1265 1631 1304; x_wconf 90' lang='lat' dir='ltr'><strong>IV.</strong></span> 
     </span>
     <span class='ocr_line' id='line_1_22' title="bbox 112 1327 1632 1399; baseline -0.018 -9"><span class='ocrx_word' id='word_1_178' title='bbox 112 1349 246 1390; x_wconf 86' lang='lat' dir='ltr'><strong>saeculi</strong></span> <span class='ocrx_word' id='word_1_179' title='bbox 266 1360 348 1386; x_wconf 84' lang='lat' dir='ltr'><strong>esse</strong></span> <span class='ocrx_word' id='word_1_180' title='bbox 376 1344 574 1399; x_wconf 84' lang='lat' dir='ltr'><strong>probabile</strong></span> <span class='ocrx_word' id='word_1_181' title='bbox 592 1341 781 1389; x_wconf 81' lang='lat' dir='ltr'><strong>redderet,</strong></span> <span class='ocrx_word' id='word_1_182' title='bbox 810 1337 1005 1392; x_wconf 86' lang='lat' dir='ltr'><strong>proposuit</strong></span> <span class='ocrx_word' id='word_1_183' title='bbox 1035 1335 1082 1373; x_wconf 90' lang='lat' dir='ltr'><strong>de</strong></span> <span class='ocrx_word' id='word_1_184' title='bbox 1102 1332 1315 1371; x_wconf 88' lang='lat' dir='ltr'><strong>vocabulis:</strong></span> <span class='ocrx_word' id='word_1_185' title='bbox 1348 1329 1572 1379; x_wconf 66' lang='lat' dir='ltr'><strong>„noltuxo&#39;g</strong></span> <span class='ocrx_word' id='word_1_186' title='bbox 1590 1327 1632 1378; x_wconf 89' lang='lat'><strong>¹),</strong></span> 
     </span>
     <span class='ocr_line' id='line_1_23' title="bbox 114 1387 1635 1459; baseline -0.016 -9"><span class='ocrx_word' id='word_1_187' title='bbox 114 1411 386 1459; x_wconf 80' lang='grc' dir='ltr'><em>πολυάσχολος</em></span> <span class='ocrx_word' id='word_1_188' title='bbox 414 1403 691 1456; x_wconf 78' lang='grc' dir='ltr'><strong><em>μαθηματική,</em></strong></span> <span class='ocrx_word' id='word_1_189' title='bbox 720 1401 885 1453; x_wconf 71' lang='grc' dir='ltr'><em>κράτος,</em></span> <span class='ocrx_word' id='word_1_190' title='bbox 913 1400 1091 1448; x_wconf 61' lang='grc' dir='ltr'><strong><em>ξυνωρίς.</em></strong></span> <span class='ocrx_word' id='word_1_191' title='bbox 1152 1393 1257 1433; x_wconf 84' lang='lat' dir='ltr'><strong>Nihil</strong></span> <span class='ocrx_word' id='word_1_192' title='bbox 1289 1390 1509 1445; x_wconf 74' lang='lat' dir='ltr'><strong>persuadet,</strong></span> <span class='ocrx_word' id='word_1_193' title='bbox 1540 1387 1635 1426; x_wconf 82' lang='lat' dir='ltr'><strong>nihil</strong></span> 
     </span>
     <span class='ocr_line' id='line_1_24' title="bbox 115 1450 1637 1525; baseline -0.016 -13"><span class='ocrx_word' id='word_1_194' title='bbox 115 1472 223 1525; x_wconf 82' lang='lat' dir='ltr'><strong>cogit,</strong></span> <span class='ocrx_word' id='word_1_195' title='bbox 253 1476 375 1524; x_wconf 88' lang='lat' dir='ltr'><strong>potest</strong></span> <span class='ocrx_word' id='word_1_196' title='bbox 401 1468 453 1507; x_wconf 85' lang='lat' dir='ltr'><strong>ita</strong></span> <span class='ocrx_word' id='word_1_197' title='bbox 482 1479 574 1515; x_wconf 88' lang='lat' dir='ltr'><strong>esse,</strong></span> <span class='ocrx_word' id='word_1_198' title='bbox 606 1478 680 1502; x_wconf 90' lang='lat' dir='ltr'><strong>non</strong></span> <span class='ocrx_word' id='word_1_199' title='bbox 709 1462 832 1502; x_wconf 88' lang='lat' dir='ltr'><strong>debet.</strong></span> <span class='ocrx_word' id='word_1_200' title='bbox 880 1460 1001 1499; x_wconf 84' lang='lat' dir='ltr'><strong>Multo</strong></span> <span class='ocrx_word' id='word_1_201' title='bbox 1030 1458 1115 1512; x_wconf 90' lang='lat' dir='ltr'><strong>plus</strong></span> <span class='ocrx_word' id='word_1_202' title='bbox 1144 1455 1285 1502; x_wconf 79' lang='lat' dir='ltr'><strong>valent,</strong></span> <span class='ocrx_word' id='word_1_203' title='bbox 1314 1466 1412 1506; x_wconf 89' lang='lat' dir='ltr'><strong>quae</strong></span> <span class='ocrx_word' id='word_1_204' title='bbox 1440 1450 1637 1492; x_wconf 83' lang='lat' dir='ltr'><strong>Gesnerus</strong></span> 
     </span>
     <span class='ocr_line' id='line_1_25' title="bbox 117 1512 1638 1583; baseline -0.016 -10"><span class='ocrx_word' id='word_1_205' title='bbox 117 1549 161 1573; x_wconf 77' lang='lat' dir='ltr'><strong>ex</strong></span> <span class='ocrx_word' id='word_1_206' title='bbox 187 1532 343 1571; x_wconf 86' lang='lat' dir='ltr'><strong>historia</strong></span> <span class='ocrx_word' id='word_1_207' title='bbox 371 1528 629 1583; x_wconf 80' lang='lat' dir='ltr'><strong>deprompsit.</strong></span> <span class='ocrx_word' id='word_1_208' title='bbox 666 1534 702 1563; x_wconf 80' lang='lat' dir='ltr'><strong>et</strong></span> <span class='ocrx_word' id='word_1_209' title='bbox 731 1538 778 1563; x_wconf 84' lang='lat' dir='ltr'><strong>ex</strong></span> <span class='ocrx_word' id='word_1_210' title='bbox 808 1522 993 1574; x_wconf 86' lang='lat' dir='ltr'><strong>Eutropio</strong></span> <span class='ocrx_word' id='word_1_211' title='bbox 1023 1519 1175 1571; x_wconf 83' lang='lat' dir='ltr'><strong>quidem</strong></span> <span class='ocrx_word' id='word_1_212' title='bbox 1210 1516 1303 1555; x_wconf 90' lang='lat' dir='ltr'><strong>haec</strong></span> <span class='ocrx_word' id='word_1_213' title='bbox 1320 1517 1375 1565; x_wconf 75' lang='lat'><strong>²):</strong></span> <span class='ocrx_word' id='word_1_214' title='bbox 1437 1512 1638 1560; x_wconf 74' lang='lat' dir='ltr'><strong>„Julianus</strong></span> 
     </span>
     <span class='ocr_line' id='line_1_26' title="bbox 119 1577 1641 1649; baseline -0.016 -14"><span class='ocrx_word' id='word_1_215' title='bbox 119 1594 259 1649; x_wconf 86' lang='lat' dir='ltr'><strong>ingenti</strong></span> <span class='ocrx_word' id='word_1_216' title='bbox 288 1599 472 1647; x_wconf 84' lang='lat' dir='ltr'><strong>apparatu</strong></span> <span class='ocrx_word' id='word_1_217' title='bbox 500 1589 651 1629; x_wconf 88' lang='lat' dir='ltr'><strong>Parthis</strong></span> <span class='ocrx_word' id='word_1_218' title='bbox 680 1586 808 1625; x_wconf 88' lang='lat' dir='ltr'><strong>intulit</strong></span> <span class='ocrx_word' id='word_1_219' title='bbox 834 1584 1001 1629; x_wconf 80' lang='lat' dir='ltr'><strong>bellum,</strong></span> <span class='ocrx_word' id='word_1_220' title='bbox 1037 1581 1094 1618; x_wconf 85' lang='lat' dir='ltr'><strong>cui</strong></span> <span class='ocrx_word' id='word_1_221' title='bbox 1124 1577 1356 1632; x_wconf 86' lang='lat' dir='ltr'><strong>expeditioni</strong></span> <span class='ocrx_word' id='word_1_222' title='bbox 1386 1590 1458 1627; x_wconf 83' lang='lat' dir='ltr'><strong>ego</strong></span> <span class='ocrx_word' id='word_1_223' title='bbox 1488 1585 1641 1627; x_wconf 88' lang='lat' dir='ltr'><strong>quoque</strong></span> 
     </span>
     <span class='ocr_line' id='line_1_27' title="bbox 121 1635 1641 1706; baseline -0.017 -9"><span class='ocrx_word' id='word_1_224' title='bbox 121 1658 281 1697; x_wconf 85' lang='lat' dir='ltr'><strong>interfui.</strong></span> <span class='ocrx_word' id='word_1_225' title='bbox 321 1655 483 1706; x_wconf 88' lang='lat' dir='ltr'><strong>Aliquot</strong></span> <span class='ocrx_word' id='word_1_226' title='bbox 511 1650 651 1704; x_wconf 87' lang='lat' dir='ltr'><strong>oppida</strong></span> <span class='ocrx_word' id='word_1_227' title='bbox 679 1656 716 1688; x_wconf 92' lang='lat' dir='ltr'><strong>et</strong></span> <span class='ocrx_word' id='word_1_228' title='bbox 744 1647 896 1686; x_wconf 86' lang='lat' dir='ltr'><strong>castella</strong></span> <span class='ocrx_word' id='word_1_229' title='bbox 928 1646 1129 1682; x_wconf 83' lang='lat' dir='ltr'><strong>Persarum</strong></span> <span class='ocrx_word' id='word_1_230' title='bbox 1160 1642 1197 1678; x_wconf 90' lang='lat' dir='ltr'><strong>in</strong></span> <span class='ocrx_word' id='word_1_231' title='bbox 1227 1638 1456 1678; x_wconf 86' lang='lat' dir='ltr'><strong>deditionem</strong></span> <span class='ocrx_word' id='word_1_232' title='bbox 1485 1635 1641 1687; x_wconf 85' lang='lat' dir='ltr'><strong>accepit,</strong></span> 
     </span>
     <span class='ocr_line' id='line_1_28' title="bbox 122 1696 1644 1770; baseline -0.018 -11"><span class='ocrx_word' id='word_1_233' title='bbox 122 1720 179 1759; x_wconf 88' lang='lat' dir='ltr'><strong>vel</strong></span> <span class='ocrx_word' id='word_1_234' title='bbox 207 1720 244 1757; x_wconf 89' lang='lat' dir='ltr'><strong>vi</strong></span> <span class='ocrx_word' id='word_1_235' title='bbox 272 1714 520 1770; x_wconf 79' lang='lat' dir='ltr'><strong>oppugnavit.</strong></span> <span class='ocrx_word' id='word_1_236' title='bbox 578 1709 855 1763; x_wconf 77' lang='lat' dir='ltr'><strong>Assyriamque</strong></span> <span class='ocrx_word' id='word_1_237' title='bbox 884 1705 1108 1760; x_wconf 65' lang='lat' dir='ltr'><strong>populatu-⁶3,</strong></span> <span class='ocrx_word' id='word_1_238' title='bbox 1139 1708 1259 1740; x_wconf 87' lang='lat' dir='ltr'><strong>castra</strong></span> <span class='ocrx_word' id='word_1_239' title='bbox 1289 1699 1391 1752; x_wconf 85' lang='lat' dir='ltr'><strong>apud</strong></span> <span class='ocrx_word' id='word_1_240' title='bbox 1419 1696 1644 1749; x_wconf 86' lang='lat' dir='ltr'><strong>Ctesiphon-</strong></span> 
     </span>
     <span class='ocr_line' id='line_1_29' title="bbox 123 1757 1646 1828; baseline -0.018 -7"><span class='ocrx_word' id='word_1_241' title='bbox 123 1789 195 1821; x_wconf 89' lang='lat' dir='ltr'><strong>tem</strong></span> <span class='ocrx_word' id='word_1_242' title='bbox 233 1779 368 1819; x_wconf 81' lang='lat' dir='ltr'><strong>stativa</strong></span> <span class='ocrx_word' id='word_1_243' title='bbox 404 1773 637 1828; x_wconf 87' lang='lat' dir='ltr'><strong>aliquamdiu</strong></span> <span class='ocrx_word' id='word_1_244' title='bbox 676 1771 831 1810; x_wconf 89' lang='lat' dir='ltr'><strong>habuit“</strong></span> <span class='ocrx_word' id='word_1_245' title='bbox 855 1804 859 1808; x_wconf 86' lang='lat'>.</span> <span class='ocrx_word' id='word_1_246' title='bbox 880 1799 885 1805; x_wconf 91' lang='lat'><em>.</em></span> <span class='ocrx_word' id='word_1_247' title='bbox 909 1800 941 1807; x_wconf 86' lang='lat'><strong>..</strong></span> <span class='ocrx_word' id='word_1_248' title='bbox 997 1765 1108 1813; x_wconf 85' lang='lat' dir='ltr'><strong>Quae</strong></span> <span class='ocrx_word' id='word_1_249' title='bbox 1145 1776 1274 1816; x_wconf 88' lang='lat' dir='ltr'><strong>pressa</strong></span> <span class='ocrx_word' id='word_1_250' title='bbox 1301 1761 1418 1799; x_wconf 83' lang='lat' dir='ltr'><strong>verba</strong></span> <span class='ocrx_word' id='word_1_251' title='bbox 1445 1772 1507 1798; x_wconf 89' lang='lat' dir='ltr'><strong>me</strong></span> <span class='ocrx_word' id='word_1_252' title='bbox 1534 1757 1646 1796; x_wconf 85' lang='lat' dir='ltr'><strong>absti-</strong></span> 
     </span>
     <span class='ocr_line' id='line_1_30' title="bbox 125 1828 1187 1892; baseline -0.017 -11"><span class='ocrx_word' id='word_1_253' title='bbox 125 1855 212 1881; x_wconf 89' lang='lat' dir='ltr'><strong>nere</strong></span> <span class='ocrx_word' id='word_1_254' title='bbox 239 1854 316 1880; x_wconf 89' lang='lat' dir='ltr'><strong>non</strong></span> <span class='ocrx_word' id='word_1_255' title='bbox 345 1852 511 1892; x_wconf 89' lang='lat' dir='ltr'><strong>possum,</strong></span> <span class='ocrx_word' id='word_1_256' title='bbox 540 1835 632 1888; x_wconf 90' lang='lat' dir='ltr'><strong>quin</strong></span> <span class='ocrx_word' id='word_1_257' title='bbox 659 1831 870 1872; x_wconf 82' lang='lat' dir='ltr'><strong>accuratius</strong></span> <span class='ocrx_word' id='word_1_258' title='bbox 896 1833 1122 1882; x_wconf 81' lang='lat' dir='ltr'><strong>pertractem</strong></span> <span class='ocrx_word' id='word_1_259' title='bbox 1142 1828 1187 1870; x_wconf 86' lang='lat'><strong>³).</strong></span> 
     </span>
    </p>

    <p class='ocr_par' dir='ltr' id='par_1_4' title="bbox 128 1880 1655 2382">
     <span class='ocr_line' id='line_1_31' title="bbox 249 1880 1648 1951; baseline -0.018 -9"><span class='ocrx_word' id='word_1_260' title='bbox 249 1903 367 1942; x_wconf 85' lang='lat' dir='ltr'><strong>Anno</strong></span> <span class='ocrx_word' id='word_1_261' title='bbox 395 1900 484 1940; x_wconf 80' lang='lat'><strong>362.</strong></span> <span class='ocrx_word' id='word_1_262' title='bbox 511 1902 622 1951; x_wconf 87' lang='lat' dir='ltr'><strong>parat</strong></span> <span class='ocrx_word' id='word_1_263' title='bbox 634 1894 814 1934; x_wconf 82' lang='lat' dir='ltr'><strong>Julianus</strong></span> <span class='ocrx_word' id='word_1_264' title='bbox 843 1890 988 1930; x_wconf 89' lang='lat' dir='ltr'><strong>bellum</strong></span> <span class='ocrx_word' id='word_1_265' title='bbox 1016 1894 1146 1927; x_wconf 90' lang='lat' dir='ltr'><strong>contra</strong></span> <span class='ocrx_word' id='word_1_266' title='bbox 1166 1886 1315 1932; x_wconf 80' lang='lat' dir='ltr'><strong>Persas,</strong></span> <span class='ocrx_word' id='word_1_267' title='bbox 1346 1881 1540 1921; x_wconf 87' lang='lat' dir='ltr'><strong>contendit</strong></span> <span class='ocrx_word' id='word_1_268' title='bbox 1569 1880 1648 1919; x_wconf 90' lang='lat' dir='ltr'><strong>An—</strong></span> 
     </span>
     <span class='ocr_line' id='line_1_32' title="bbox 128 1944 1651 2013; baseline -0.016 -9"><span class='ocrx_word' id='word_1_269' title='bbox 128 1965 318 2012; x_wconf 85' lang='lat' dir='ltr'><strong>tiochiam,</strong></span> <span class='ocrx_word' id='word_1_270' title='bbox 347 1962 399 2000; x_wconf 90' lang='lat' dir='ltr'><strong>ibi</strong></span> <span class='ocrx_word' id='word_1_271' title='bbox 428 1973 497 2013; x_wconf 88' lang='lat' dir='ltr'><strong>per</strong></span> <span class='ocrx_word' id='word_1_272' title='bbox 525 1959 686 1997; x_wconf 86' lang='lat' dir='ltr'><strong>hiemem</strong></span> <span class='ocrx_word' id='word_1_273' title='bbox 717 1960 987 2000; x_wconf 86' lang='lat' dir='ltr'><strong>commoratur,</strong></span> <span class='ocrx_word' id='word_1_274' title='bbox 1017 1966 1050 1989; x_wconf 89' lang='lat' dir='ltr'><strong>a.</strong></span> <span class='ocrx_word' id='word_1_275' title='bbox 1072 1950 1162 1990; x_wconf 83' lang='lat'><strong>363.</strong></span> <span class='ocrx_word' id='word_1_276' title='bbox 1190 1947 1236 1986; x_wconf 90' lang='lat' dir='ltr'><strong>ad</strong></span> <span class='ocrx_word' id='word_1_277' title='bbox 1253 1944 1487 1998; x_wconf 84' lang='lat' dir='ltr'><strong>Euphratem</strong></span> <span class='ocrx_word' id='word_1_278' title='bbox 1516 1955 1651 1995; x_wconf 88' lang='lat' dir='ltr'><strong>appro-</strong></span> 
     </span>
     <span class='ocr_line' id='line_1_33' title="bbox 129 2002 1652 2079; baseline -0.018 -12"><span class='ocrx_word' id='word_1_279' title='bbox 129 2027 305 2079; x_wconf 85' lang='lat' dir='ltr'><strong>pinquat,</strong></span> <span class='ocrx_word' id='word_1_280' title='bbox 344 2020 620 2075; x_wconf 86' lang='lat' dir='ltr'><strong>Mesopotamia</strong></span> <span class='ocrx_word' id='word_1_281' title='bbox 654 2017 880 2071; x_wconf 86' lang='lat' dir='ltr'><strong>perlustrata</strong></span> <span class='ocrx_word' id='word_1_282' title='bbox 918 2011 1256 2067; x_wconf 84' lang='lat' dir='ltr'><strong>compluribusque</strong></span> <span class='ocrx_word' id='word_1_283' title='bbox 1285 2007 1469 2060; x_wconf 77' lang='lat' dir='ltr'><strong>Assyriae</strong></span> <span class='ocrx_word' id='word_1_284' title='bbox 1502 2002 1652 2058; x_wconf 84' lang='lat' dir='ltr'><strong>oppidis</strong></span> 
     </span>
     <span class='ocr_line' id='line_1_34' title="bbox 132 2067 1653 2134; baseline -0.017 -6"><span class='ocrx_word' id='word_1_285' title='bbox 132 2087 372 2134; x_wconf 84' lang='lat' dir='ltr'><strong>(Perisabore</strong></span> <span class='ocrx_word' id='word_1_286' title='bbox 400 2091 436 2123; x_wconf 89' lang='lat' dir='ltr'><strong>et</strong></span> <span class='ocrx_word' id='word_1_287' title='bbox 463 2080 771 2134; x_wconf 85' lang='lat' dir='ltr'><strong>Maogamalcha)</strong></span> <span class='ocrx_word' id='word_1_288' title='bbox 804 2076 922 2129; x_wconf 86' lang='lat' dir='ltr'><strong>captis</strong></span> <span class='ocrx_word' id='word_1_289' title='bbox 952 2089 1028 2113; x_wconf 91' lang='lat' dir='ltr'><strong>non</strong></span> <span class='ocrx_word' id='word_1_290' title='bbox 1057 2073 1143 2126; x_wconf 88' lang='lat' dir='ltr'><strong>plus</strong></span> <span class='ocrx_word' id='word_1_291' title='bbox 1172 2070 1346 2111; x_wconf 81' lang='lat' dir='ltr'><strong>undecim</strong></span> <span class='ocrx_word' id='word_1_292' title='bbox 1376 2067 1545 2107; x_wconf 87' lang='lat' dir='ltr'><strong>millibus</strong></span> <span class='ocrx_word' id='word_1_293' title='bbox 1573 2079 1653 2118; x_wconf 84' lang='lat' dir='ltr'><strong>pas-</strong></span> 
     </span>
     <span class='ocr_line' id='line_1_35' title="bbox 132 2129 1653 2195; baseline -0.015 -9"><span class='ocrx_word' id='word_1_294' title='bbox 132 2162 238 2188; x_wconf 90' lang='lat' dir='ltr'><strong>suum</strong></span> <span class='ocrx_word' id='word_1_295' title='bbox 268 2148 381 2186; x_wconf 89' lang='lat' dir='ltr'><strong>distat</strong></span> <span class='ocrx_word' id='word_1_296' title='bbox 409 2161 431 2184; x_wconf 89' lang='lat' dir='ltr'><strong>a</strong></span> <span class='ocrx_word' id='word_1_297' title='bbox 460 2143 721 2195; x_wconf 88' lang='lat' dir='ltr'><strong>Ctesiphonte,</strong></span> <span class='ocrx_word' id='word_1_298' title='bbox 751 2139 873 2191; x_wconf 85' lang='lat' dir='ltr'><strong>capite</strong></span> <span class='ocrx_word' id='word_1_299' title='bbox 902 2137 1011 2188; x_wconf 85' lang='lat' dir='ltr'><strong>regni</strong></span> <span class='ocrx_word' id='word_1_300' title='bbox 1040 2134 1194 2173; x_wconf 61' lang='lat' dir='ltr'><strong>Persici</strong></span> <span class='ocrx_word' id='word_1_301' title='bbox 1213 2140 1249 2171; x_wconf 90' lang='lat' dir='ltr'><strong>et</strong></span> <span class='ocrx_word' id='word_1_302' title='bbox 1277 2129 1365 2169; x_wconf 82' lang='lat' dir='ltr'><strong>sede</strong></span> <span class='ocrx_word' id='word_1_303' title='bbox 1393 2129 1562 2181; x_wconf 80' lang='lat' dir='ltr'><strong>Saporis,</strong></span> <span class='ocrx_word' id='word_1_304' title='bbox 1593 2140 1653 2164; x_wconf 88' lang='lat' dir='ltr'><strong>ne-</strong></span> 
     </span>
     <span class='ocr_line' id='line_1_36' title="bbox 135 2189 1654 2262; baseline -0.016 -12"><span class='ocrx_word' id='word_1_305' title='bbox 135 2223 206 2262; x_wconf 86' lang='lat' dir='ltr'><strong>que</strong></span> <span class='ocrx_word' id='word_1_306' title='bbox 244 2210 313 2249; x_wconf 85' lang='lat' dir='ltr'><strong>nisi</strong></span> <span class='ocrx_word' id='word_1_307' title='bbox 351 2206 509 2247; x_wconf 88' lang='lat' dir='ltr'><strong>summis</strong></span> <span class='ocrx_word' id='word_1_308' title='bbox 543 2201 828 2243; x_wconf 87' lang='lat' dir='ltr'><strong>difficultatibus</strong></span> <span class='ocrx_word' id='word_1_309' title='bbox 862 2199 910 2238; x_wconf 90' lang='lat' dir='ltr'><strong>ab</strong></span> <span class='ocrx_word' id='word_1_310' title='bbox 939 2211 982 2236; x_wconf 84' lang='lat' dir='ltr'><strong>ea</strong></span> <span class='ocrx_word' id='word_1_311' title='bbox 1010 2197 1104 2235; x_wconf 91' lang='lat' dir='ltr'><strong>urbe</strong></span> <span class='ocrx_word' id='word_1_312' title='bbox 1132 2190 1393 2247; x_wconf 84' lang='lat' dir='ltr'><strong>oppugnanda</strong></span> <span class='ocrx_word' id='word_1_313' title='bbox 1421 2189 1654 2243; x_wconf 87' lang='lat' dir='ltr'><strong>prohibetur.</strong></span> 
     </span>
     <span class='ocr_line' id='line_1_37' title="bbox 137 2254 1655 2317; baseline -0.014 -8"><span class='ocrx_word' id='word_1_314' title='bbox 137 2270 265 2309; x_wconf 81' lang='lat' dir='ltr'><strong>Classe</strong></span> <span class='ocrx_word' id='word_1_315' title='bbox 293 2271 492 2309; x_wconf 82' lang='lat' dir='ltr'><strong>combusta</strong></span> <span class='ocrx_word' id='word_1_316' title='bbox 520 2266 669 2317; x_wconf 76' lang='lat' dir='ltr'><strong>Tigrim</strong></span> <span class='ocrx_word' id='word_1_317' title='bbox 698 2263 844 2301; x_wconf 84' lang='lat' dir='ltr'><strong>traiicit.</strong></span> <span class='ocrx_word' id='word_1_318' title='bbox 895 2270 899 2283; x_wconf 80' lang='lat'>²</span> <span class='ocrx_word' id='word_1_319' title='bbox 911 2274 970 2297; x_wconf 87' lang='lat' dir='ltr'><strong>am</strong></span> <span class='ocrx_word' id='word_1_320' title='bbox 1005 2258 1196 2295; x_wconf 76' lang='lat' dir='ltr'><strong>Ecbatana</strong></span> <span class='ocrx_word' id='word_1_321' title='bbox 1224 2265 1260 2293; x_wconf 79' lang='lat' dir='ltr'><strong>et</strong></span> <span class='ocrx_word' id='word_1_322' title='bbox 1289 2254 1388 2294; x_wconf 76' lang='lat' dir='ltr'><strong>Susa</strong></span> <span class='ocrx_word' id='word_1_323' title='bbox 1406 2257 1437 2296; x_wconf 73' lang='lat'><strong>⁴)</strong></span> <span class='ocrx_word' id='word_1_324' title='bbox 1467 2265 1542 2290; x_wconf 91' lang='lat' dir='ltr'><strong>non</strong></span> <span class='ocrx_word' id='word_1_325' title='bbox 1572 2263 1655 2302; x_wconf 86' lang='lat' dir='ltr'><strong>pro-</strong></span> 
     </span>
     <span class='ocr_line' id='line_1_38' title="bbox 138 2312 1655 2382; baseline -0.015 -12"><span class='ocrx_word' id='word_1_326' title='bbox 138 2332 195 2371; x_wconf 90' lang='lat' dir='ltr'><strong>cul</strong></span> <span class='ocrx_word' id='word_1_327' title='bbox 223 2333 391 2380; x_wconf 86' lang='lat' dir='ltr'><strong>aberant,</strong></span> <span class='ocrx_word' id='word_1_328' title='bbox 421 2342 538 2382; x_wconf 85' lang='lat' dir='ltr'><strong>quum</strong></span> <span class='ocrx_word' id='word_1_329' title='bbox 576 2326 735 2380; x_wconf 88' lang='lat' dir='ltr'><strong>penuria</strong></span> <span class='ocrx_word' id='word_1_330' title='bbox 764 2323 1028 2362; x_wconf 86' lang='lat' dir='ltr'><strong>alimentorum</strong></span> <span class='ocrx_word' id='word_1_331' title='bbox 1060 2331 1103 2357; x_wconf 89' lang='lat' dir='ltr'><strong>ac</strong></span> <span class='ocrx_word' id='word_1_332' title='bbox 1132 2315 1292 2370; x_wconf 87' lang='lat' dir='ltr'><strong>perfidia</strong></span> <span class='ocrx_word' id='word_1_333' title='bbox 1321 2315 1460 2352; x_wconf 87' lang='lat' dir='ltr'><strong>ducum</strong></span> <span class='ocrx_word' id='word_1_334' title='bbox 1490 2312 1655 2365; x_wconf 88' lang='lat' dir='ltr'><strong>Impera-</strong></span> 
     </span>
    </p>
   </div>
   <div class='ocr_carea' id='block_1_4' title="bbox 140 2464 325 2473">
    <p class='ocr_par' dir='ltr' id='par_1_5' title="bbox 140 2464 325 2473">
     <span class='ocr_line' id='line_1_39' title="bbox 140 2464 325 2473; baseline 0 508"><span class='ocrx_word' id='word_1_335' title='bbox 140 2464 325 2473; x_wconf 95' lang='lat' dir='ltr'><strong> </strong></span> 
     </span>
    </p>
   </div>
   <div class='ocr_carea' id='block_1_5' title="bbox 328 2464 517 2472">
    <p class='ocr_par' dir='ltr' id='par_1_6' title="bbox 328 2464 517 2472">
     <span class='ocr_line' id='line_1_40' title="bbox 328 2464 517 2472; baseline 0 509"><span class='ocrx_word' id='word_1_336' title='bbox 328 2464 517 2472; x_wconf 95' lang='lat' dir='ltr'><strong> </strong></span> 
     </span>
    </p>
   </div>
   <div class='ocr_carea' id='block_1_6' title="bbox 197 2524 1664 2737">
    <p class='ocr_par' dir='ltr' id='par_1_7' title="bbox 197 2524 1664 2679">
     <span class='ocr_line' id='line_1_41' title="bbox 197 2524 1663 2584; baseline -0.013 -9"><span class='ocrx_word' id='word_1_337' title='bbox 197 2544 220 2584; x_wconf 85' lang='lat'><strong>¹)</strong></span> <span class='ocrx_word' id='word_1_338' title='bbox 244 2543 450 2584; x_wconf 79' lang='grc' dir='ltr'><strong>,,πολιπκο’ς“</strong></span> <span class='ocrx_word' id='word_1_339' title='bbox 473 2550 548 2581; x_wconf 88' lang='lat' dir='ltr'><strong>non,</strong></span> <span class='ocrx_word' id='word_1_340' title='bbox 571 2544 607 2571; x_wconf 91' lang='lat' dir='ltr'><strong>ut</strong></span> <span class='ocrx_word' id='word_1_341' title='bbox 629 2538 701 2570; x_wconf 88' lang='lat' dir='ltr'><strong>vult</strong></span> <span class='ocrx_word' id='word_1_342' title='bbox 723 2535 773 2576; x_wconf 60' lang='lat' dir='ltr'><strong>G„</strong></span> <span class='ocrx_word' id='word_1_343' title='bbox 796 2544 856 2576; x_wconf 89' lang='lat' dir='ltr'><strong>per</strong></span> <span class='ocrx_word' id='word_1_344' title='bbox 878 2544 914 2567; x_wconf 86' lang='lat' dir='ltr'><strong>se</strong></span> <span class='ocrx_word' id='word_1_345' title='bbox 936 2532 1097 2575; x_wconf 69' lang='grc' dir='ltr'><strong>,,ἐξισ-“</strong></span> <span class='ocrx_word' id='word_1_346' title='bbox 1121 2529 1293 2570; x_wconf 83' lang='lat' dir='ltr'><strong>significat.</strong></span> <span class='ocrx_word' id='word_1_347' title='bbox 1328 2527 1411 2560; x_wconf 70' lang='lat' dir='ltr'><strong>Nam</strong></span> <span class='ocrx_word' id='word_1_348' title='bbox 1435 2536 1484 2567; x_wconf 87' lang='lat' dir='ltr'><strong>cp.</strong></span> <span class='ocrx_word' id='word_1_349' title='bbox 1507 2524 1554 2557; x_wconf 80' lang='grc'><strong>19.</strong></span> <span class='ocrx_word' id='word_1_350' title='bbox 1580 2524 1663 2557; x_wconf 89' lang='lat' dir='ltr'><strong>illud</strong></span> 
     </span>
     <span class='ocr_line' id='line_1_42' title="bbox 247 2577 1664 2635; baseline -0.016 -7"><span class='ocrx_word' id='word_1_351' title='bbox 247 2594 334 2635; x_wconf 87' lang='lat' dir='ltr'><strong>quod</strong></span> <span class='ocrx_word' id='word_1_352' title='bbox 356 2593 456 2627; x_wconf 86' lang='lat' dir='ltr'><strong>latius</strong></span> <span class='ocrx_word' id='word_1_353' title='bbox 479 2595 571 2632; x_wconf 79' lang='lat' dir='ltr'><strong>patet</strong></span> <span class='ocrx_word' id='word_1_354' title='bbox 593 2587 787 2622; x_wconf 79' lang='lat' dir='ltr'><strong>voca-bulum</strong></span> <span class='ocrx_word' id='word_1_355' title='bbox 820 2586 853 2618; x_wconf 88' lang='lat' dir='ltr'><strong>in</strong></span> <span class='ocrx_word' id='word_1_356' title='bbox 883 2584 1033 2625; x_wconf 85' lang='lat' dir='ltr'><strong>sequenti</strong></span> <span class='ocrx_word' id='word_1_357' title='bbox 1056 2590 1153 2615; x_wconf 86' lang='lat' dir='ltr'><strong>versu</strong></span> <span class='ocrx_word' id='word_1_358' title='bbox 1177 2579 1362 2621; x_wconf 85' lang='lat' dir='ltr'><strong>explicatur</strong></span> <span class='ocrx_word' id='word_1_359' title='bbox 1384 2585 1463 2609; x_wconf 90' lang='lat' dir='ltr'><strong>voce</strong></span> <span class='ocrx_word' id='word_1_360' title='bbox 1497 2577 1664 2617; x_wconf 52' lang='lat' dir='ltr'><strong>„Nem—‘¹</strong></span> 
     </span>
     <span class='ocr_line' id='line_1_43' title="bbox 247 2646 437 2679; baseline -0.021 0"><span class='ocrx_word' id='word_1_361' title='bbox 247 2646 437 2679; x_wconf 86' lang='lat' dir='ltr'><strong>substituta.</strong></span> 
     </span>
    </p>

    <p class='ocr_par' dir='ltr' id='par_1_8' title="bbox 200 2695 588 2737">
     <span class='ocr_line' id='line_1_44' title="bbox 200 2695 588 2737; baseline -0.015 -7"><span class='ocrx_word' id='word_1_362' title='bbox 200 2698 226 2736; x_wconf 83' lang='lat'><strong>²)</strong></span> <span class='ocrx_word' id='word_1_363' title='bbox 250 2697 298 2730; x_wconf 80' lang='lat' dir='ltr'><strong>ef.</strong></span> <span class='ocrx_word' id='word_1_364' title='bbox 323 2697 461 2737; x_wconf 86' lang='lat' dir='ltr'><strong>Eutrop.</strong></span> <span class='ocrx_word' id='word_1_365' title='bbox 484 2695 536 2734; x_wconf 90' lang='lat' dir='ltr'><strong>X,</strong></span> <span class='ocrx_word' id='word_1_366' title='bbox 559 2695 588 2726; x_wconf 89' lang='grc'><strong>8.</strong></span> 
     </span>
    </p>
   </div>
   <div class='ocr_carea' id='block_1_7' title="bbox 199 2732 1607 2837">
    <p class='ocr_par' dir='ltr' id='par_1_9' title="bbox 199 2732 1607 2837">
     <span class='ocr_line' id='line_1_45' title="bbox 199 2732 1607 2787; baseline -0.013 -7"><span class='ocrx_word' id='word_1_367' title='bbox 199 2749 227 2787; x_wconf 80' lang='lat'><strong>⁸)</strong></span> <span class='ocrx_word' id='word_1_368' title='bbox 250 2747 298 2781; x_wconf 85' lang='lat' dir='ltr'><strong>Cf.</strong></span> <span class='ocrx_word' id='word_1_369' title='bbox 324 2748 401 2781; x_wconf 68' lang='grc' dir='ltr'><strong>θῶ.</strong></span> <span class='ocrx_word' id='word_1_370' title='bbox 425 2750 455 2779; x_wconf 83' lang='grc'><strong>4.</strong></span> <span class='ocrx_word' id='word_1_371' title='bbox 485 2745 554 2778; x_wconf 75' lang='lat' dir='ltr'><strong>Tm.</strong></span> <span class='ocrx_word' id='word_1_372' title='bbox 590 2743 731 2784; x_wconf 69' lang='lat' dir='ltr'><strong>Leipziq</strong></span> <span class='ocrx_word' id='word_1_373' title='bbox 753 2741 799 2781; x_wconf 87' lang='lat' dir='ltr'><strong>(b.</strong></span> <span class='ocrx_word' id='word_1_374' title='bbox 828 2737 1020 2781; x_wconf 77' lang='lat' dir='ltr'><strong>Weyyand)</strong></span> <span class='ocrx_word' id='word_1_375' title='bbox 1045 2737 1141 2768; x_wconf 84' lang='lat'><em>1790.</em></span> <span class='ocrx_word' id='word_1_376' title='bbox 1164 2743 1239 2775; x_wconf 81' lang='lat' dir='ltr'><strong>cap.</strong></span> <span class='ocrx_word' id='word_1_377' title='bbox 1262 2732 1403 2766; x_wconf 88' lang='lat' dir='ltr'><strong><em>XXIV.</em></strong></span> <span class='ocrx_word' id='word_1_378' title='bbox 1423 2742 1460 2773; x_wconf 78' lang='lat' dir='ltr'><strong>p.</strong></span> <span class='ocrx_word' id='word_1_379' title='bbox 1484 2732 1549 2763; x_wconf 80' lang='lat'><strong>436</strong></span> <span class='ocrx_word' id='word_1_380' title='bbox 1573 2732 1607 2771; x_wconf 80' lang='lat' dir='ltr'><strong>ff.</strong></span> 
     </span>
     <span class='ocr_line' id='line_1_46' title="bbox 201 2792 865 2837; baseline -0.014 -6"><span class='ocrx_word' id='word_1_381' title='bbox 201 2799 229 2837; x_wconf 75' lang='lat'><strong>⁴)</strong></span> <span class='ocrx_word' id='word_1_382' title='bbox 253 2799 301 2831; x_wconf 76' lang='lat' dir='ltr'><strong>Cf.</strong></span> <span class='ocrx_word' id='word_1_383' title='bbox 326 2799 401 2831; x_wconf 88' lang='lat' dir='ltr'><strong>Gib.</strong></span> <span class='ocrx_word' id='word_1_384' title='bbox 425 2798 445 2830; x_wconf 86' lang='lat' dir='ltr'><strong>l.</strong></span> <span class='ocrx_word' id='word_1_385' title='bbox 471 2807 497 2829; x_wconf 76' lang='lat' dir='ltr'><strong>c..</strong></span> <span class='ocrx_word' id='word_1_386' title='bbox 522 2806 572 2836; x_wconf 89' lang='lat' dir='ltr'><strong>cp.</strong></span> <span class='ocrx_word' id='word_1_387' title='bbox 597 2793 735 2833; x_wconf 83' lang='lat' dir='ltr'><strong>XXIV.‚</strong></span> <span class='ocrx_word' id='word_1_388' title='bbox 759 2802 788 2832; x_wconf 90' lang='lat' dir='ltr'><strong>p.</strong></span> <span class='ocrx_word' id='word_1_389' title='bbox 814 2792 865 2823; x_wconf 79' lang='lat'><strong>49.</strong></span> 
     </span>
    </p>
   </div>
  </div>
 </body>
</html>
