1800 2981
93 186 129 221 et
155 178 311 218 eaedem
340 179 535 231 virginum
563 180 603 217 in
633 178 750 219 Creta
777 179 902 219 insula
929 185 1118 232 patratam
1151 179 1218 226 (ef.
1246 192 1306 231 cp.
1335 180 1391 225 9).
1446 178 1550 226 Quid
1578 174 1628 218 de

93 241 218 297 priore
236 252 278 279 re
300 238 497 280 Gesnerus
524 239 675 291 sentiat,
702 241 815 280 aretis
843 240 956 280 unius
983 240 1116 294 eapitis
1136 239 1281 292 (XLI.)
1301 239 1441 280 finibus
1469 241 1628 280 circum—

92 301 254 354 scripsit.
308 300 463 340 Haeece
490 301 676 340 habemus
704 302 855 342 omnia:
897 301 1031 350 „Bene
1056 301 1186 341 adhuc
1211 301 1252 340 in
1277 299 1433 340 «Iuliani
1453 307 1629 354 tempora

92 362 271 404 convenit
297 361 544 415 Philopatris.
598 361 677 403 Sed
714 362 941 416 scrupulum
967 361 1090 401 iniioit
1115 360 1235 412 illud,
1273 360 1377 413 quod
1408 373 1487 401 non
1515 360 1626 400 Oini-

92 424 204 465 stiani
238 429 388 464 tantum
420 423 629 463 irridentur
667 425 741 464 hoc
768 422 946 476 dialogo,
981 423 1050 464 sed
1087 423 1291 477 gentilium
1329 423 1445 463 etiam'
1473 422 1627 463 Dentri

91 485 332 526 acerbissime
358 485 476 538 priori
505 485 587 524 eius
614 490 725 537 parte
750 484 1074 538 perstringuntur.
1114 484 1247 524 Videri
1274 485 1393 537 igitur
1409 482 1524 523 alicui
1540 496 1627 536 pos-

93 546 290 598 sit,·.illum
316 560 395 587 non
424 560 507 586 esse
529 546 719 600 scriptum·
746 546 788 584 in
805 544 954 585 Juliani
982 546 1160 600 gratiam,
1188 544 1249 585 eui
1275 545 1436 586 minime
1455 544 1628 586 omnium

93 608 247 662 probari
284 607 486 647 numinum
523 612 681 647 suorum
716 606 916 647 insectatio
951 607 1129 660 potuerit.
1184 606 1267 649 Sed·
1296 606 1428 660 plures
1451 606 1515 645 hic
1540 611 1630 645 sunt

94 668 273 710 elabendi
299 669 397 709 viae.
448 667 566 709 Forte
593 674 738 719 auctor,
766 673 810 707 ut
830 681 952 721 aegre
977 669 1121 709 faceret
1147 666 1398 719 Christianis,
1415 672 1632 721 exososque

95 731 180 770 illos
208 730 332 782 magis
360 729 522 770 auliano
548 730 742 779 redderet,
770 729 911 782 quibus
938 730 1113 770 ludibriis
1140 730 1243 769 avita
1268 726 1437 769 numina·
1454 727 1629 769 traduce·-

93 796 188 840 rent‚
219 790 260 828 in
288 789 535 843 Triephontis
565 801 731 843 persona
757 792 1068 843 repraesentavit.
1123 789 1242 830 Forte
1268 794 1417 840 auctor,-
1441 803 1529 829 eum
1554 787 1632 829 sibi

93 851 305 891 Lucianum
329 864 445 890 sunm
474 864 553 891 non
581 857 659 890 tam
687 851 929 901 imitandum,
958 866 1072 904 quam
1103 850 1385 891 excribendum
1410 850 1629 903 proposuit·

92 918 158 963 set,
186 911 366 952 flosculos
392 912 472 951 eius
500 911 574 951 hac
602 919 710 965 parte
737 918 974 952 consectatus
1001 920 1073 964 est,
1101 919 1139 954 et
1165 913 1373 953 verborum
1399 912 1630 952 amoenitate

93 976 227 1014 ductus
254 974 355 1026 ipsas
383 973 496 1017 etiam
525 974 731 1013 sententias
769 973 983 1027 improvide
1017 976 1214 1015 assumsit}
1250 975 1386 1028 quales
1419 972 1630 1014 hodienum

92 1048 245 1077 errores
265 1035 315 1074 ab
334 1034 474 1088 ineptis
493 1034 726 1084 hominibus,
755 1048 920 1087 quorum
939 1049 1100 1076 numero
1128 1043 1303 1076 nostrum
1332 1035 1399 1074 vix
1423 1035 1628 1088 quisquam

93 1095 341 1138 eximendum
369 1096 561 1146 censebit,
586 1096 773 1136 committi
800 1096 1006 1148 interdum,
1035 1104 1197 1139 constat.
1252 1096 1332 1140 Sed
1357 1096 1390 1148 i
1417 1096 1480 1136 vel
1504 1096 1631 1137 sciens

95 1158 341 1212 prudensque
367 1159 478 1207 fecit,
516 1165 644 1197 tamen
673 1157 887 1198 timendum
914 1160 948 1199 ei
976 1174 1053 1199 non
1081 1166 1180 1209 erat,
1212 1166 1254 1199 ut
1280 1158 1483 1199 Julianum
1510 1158 1629 1198 oflen-

94 1220 218 1269 deret,
256 1225 300 1259 ut
326 1220 394 1272 qui
420 1220 501 1272 ipse
528 1219 713 1259 absurdas
741 1220 790 1260 de
816 1220 902 1260 Diis
929 1221 1099 1271 tabulas,
1139 1235 1162 1260 a
1200 1220 1321 1274 poetis
1347 1219 1397 1259 ad
1424 1222 1486 1259 res
1511 1218 1628 1259 subii-

94 1281 230 1320 miores
258 1281 332 1319 sub
358 1280 440 1319 istis
468 1281 576 1332 quasi
604 1281 792 1333 symbolis
824 1282 1190 1334 repraesentandae,
1226 1282 1386 1334 putabat
1419 1292 1509 1320 esee
1539 1292 1628 1320 oon*-

93 1342 199 1381 fictas
219 1344 257 1389 ²).
301 1339 407 1388 Quin
434 1341 518 1395 ipse
543 1340 651 1381 falcis
677 1342 769 1382 iocis
797 1342 838 1380 in
869 1341 973 1382 Deos
1001 1343 1087 1383 illos
1114 1343 1370 1383 ἀποσκώπτει
1385 1343 1430 1392 ²),
1460 1347 1504 1381 ut
1529 1341 1626 1381 adeo

93 1405 140 1442 ab
166 1404 223 1442 ira
248 1403 330 1442 eius
358 1404 410 1442 ob
436 1402 576 1442 laetam
608 1403 861 1443 ficulneorum
880 1406 1083 1443 numinum
1102 1404 1339 1444 maiestatem
1369 1409 1538 1443 metuere
1554 1402 1629 1442 sibi·

95 1470 227 1503 auctor
253 1463 530 1516 Philopatridis
564 1477 642 1502 non
672 1464 859 1503 debuerit.
914 1464 976 1503 Ita
1002 1465 1201 1506 Socratem
1227 1465 1435 1518 impietatis
1460 1463 1630 1516 postulat

94 1525 384 1578 Aristophanes,
413 1524 560 1564 derisor
585 1524 667 1578 ipse
685 1524 873 1575 Deorum,
901 1526 968 1579 qui
995 1526 1148 1579 publice
1174 1532 1258 1566 tum
1286 1525 1522 1574 colebantur,
1551 1537 1627 1563 me-

93 1588 230 1626 ximus.
285 1586 337 1626 Et
363 1586 552 1636 novimus,
581 1587 656 1626 hoc
682 1587 871 1639 profuisse
898 1587 1000 1626 vitae
1025 1587 1284 1634 Christianam
1312 1586 1553 1639 religionem,
1586 1591 1629 1624 ut

93 1649 261 1688 ethnicos
288 1648 402 1688 etiam
429 1648 593 1702 puderet
610 1646 770 1687 anilium
788 1647 1018 1698 fabularum,
1048 1647 1375 1702 quemadmodum
1398 1645 1573 1687 Luthero
1590 1653 1629 1687 et

94 1710 256 1749 Calvino
276 1709 396 1749 multa
415 1709 557 1749 debent
570 1716 717 1749 remota
734 1708 915 1748 seandala
933 1709 1021 1749 illae
1036 1709 1151 1749 etiam
1166 1709 1362 1759 ecclesiae,
1382 1709 1535 1762 quaein
1550 1708 1627 1749 Ro-

93 1771 195 1810 mani
214 1770 412 1809 Pontificis
432 1769 576 1809 ditione
591 1774 850 1808 manserunt.“
882 1769 994 1817 Quae
1012 1772 1130 1809 verba
1145 1783 1262 1823 quum
1277 1771 1415 1809 iterum
1429 1776 1545 1824 atque
1561 1772 1627 1810 ite·

93 1845 175 1870 rum
195 1837 484 1885 pertractarem,
511 1830 670 1870 videbar
687 1830 781 1869 mihi
800 1830 932 1871 videre
949 1831 1118 1884 aliquem
1136 1832 1177 1870 in
1196 1832 1396 1885 angustias
1416 1831 1627 1881 inductum,

94 1893 178 1944 qui,
217 1892 357 1944 quibus
385 1892 530 1932 artibus
559 1892 795 1941 elaberetur,
828 1892 957 1931 omnia
984 1892 1303 1946 circumspiceret.
1358 1892 1550 1946 Prospere
1574 1899 1628 1932 ta-

93 1967 179 1992 men
219 1960 262 1992 ut
297 1966 340 1993 se
363 1953 584 2006 expediret,
622 1950 822 1992 Gesnerus
850 1966 929 1992 non
966 1960 1161 1993 assecutus
1189 1959 1257 1994 est.
1311 1952 1397 1992 Nisi
1425 1966 1516 1993 vero
1543 1953 1627 2006 quis

93 2014 287 2067 opinatur,
328 2015 401 2054 sub
438 2014 607 2055 eiusdem
637 2013 887 2067 Triephontis
928 2027 1093 2067 persona
1128 2014 1249 2055 latere
1283 2013 1377 2054 duas
1415 2014 1530 2068 plane
1555 2015 1627 2054 sibi

93 2076 296 2128 oppositas.
353 2075 620 2128 Intelligerem
647 2089 741 2128 ego,
780 2076 902 2125 hunc,
940 2089 1058 2128 quum
1092 2076 1132 2115 in
1162 2076 1291 2129 plures
1319 2076 1410 2116 deos
1438 2076 1627 2129 principes

94 2135 208 2175 bilem
237 2135 419 2185 effundit,
457 2136 750 2176 christianorum
778 2142 906 2189 partes
933 2137 1053 2185 tueri,
1092 2138 1123 2176 si
1151 2137 1249 2176 forte
1276 2142 1408 2189 postea
1436 2143 1513 2189 (op.
1544 2135 1627 2182 12.)

148 2323 174 2363 ¹)
195 2322 236 2356 E.
258 2332 291 2364 g.
308 2322 370 2356 Ov.
392 2322 428 2355 in
442 2322 585 2356 Matrem
608 2322 755 2356 Deorum
776 2332 810 2363 p.
836 2322 907 2356 170.
938 2322 1087 2365 Veteres,
1109 2322 1168 2355 ubi
1189 2322 1392 2364 investigata
1412 2331 1434 2355 a
1455 2330 1492 2355 se
1512 2331 1624 2355 rerum

197 2374 364 2416 principia
385 2374 610 2416 detexissent,
645 2375 843 2406 ἐσκέπασαν
867 2371 953 2406 οἷυτά
980 2373 1112 2417 μύθοις
1134 2372 1363 2415 παραδόξοις,
1397 2373 1453 2405 ἵνα
1484 2372 1543 2405 διὰ
1565 2375 1626 2406 τοῦ

200 2424 406 2467 παραδόξου,
427 2428 484 2456 καὶ
502 2424 778 2467 ἆπεμφαίνοντος
796 2426 834 2457 τὸ
860 2424 1005 2468 πλάσμα
1021 2425 1195 2466 ψωραθὲν,
1222 2426 1281 2457 ἐπὶ
1304 2427 1364 2463 τὴν
1386 2426 1521 2464 ζῆτησιν
1537 2425 1625 2467 ἡμᾶς

198 2475 257 2515 τῆς
282 2474 443 2515 ἀληθείας
466 2478 652 2519 προτρέψῃ.
696 2476 748 2507 Ita
770 2475 920 2508 oratione
943 2476 978 2508 in
1000 2475 1110 2509 Solem
1132 2486 1165 2518 p.
1189 2474 1266 2511 136:
1299 2473 1454 2518 „c'c'muuz
1475 2477 1531 2506 καὶ
1556 2486 1624 2507 πα-

200 2525 329 2569 ράᾶοξα
351 2527 528 2568 ποιητικῆς
550 2526 699 2566 Μούσης
723 2524 908 2569 ἀθύρματα
929 2532 1047 2570 vocat,
1068 2536 1153 2569 quae
1175 2527 1216 2561 de
1241 2525 1458 2568 συνδοιασμῷ
1480 2529 1536 2558 καὶ
1559 2526 1625 2569 γά,

198 2590 281 2620 μοις
304 2578 451 2612 Deorum
473 2579 628 2611 dicantur
649 2573 741 2619 apud
760 2577 949 2611 Homerum.

155 2629 179 2670 ²)
202 2631 241 2663 In
263 2629 355 2664 illius
379 2629 578 2663 Caesaribus
600 2629 640 2662 D.
664 2629 810 2670 Marcus,
836 2633 874 2662 ut
896 2637 932 2662 se
953 2628 1100 2663 Deorum
1123 2629 1321 2663 imitatorem
1342 2628 1472 2671 probet,
1493 2629 1628 2663 illorum

197 2686 338 2724 corpora
358 2681 418 2721 τῆς
442 2683 479 2714 ἐκ
501 2681 567 2714 τῶν
591 2679 857 2724 ἀναθυμιάσεων
878 2680 1009 2723 τροφῆς
1030 2680 1180 2722 indigere
1201 2680 1331 2722 asserit,
1353 2684 1387 2714 et
1401 2681 1497 2715 Jotis
1519 2690 1627 2715 exem-

198 2732 255 2773 plo
278 2733 329 2774 (ΙΙ.
353 2733 394 2765 Ε.
417 2732 493 2775 897)
522 2732 764 2773 indulgentiam
796 2741 877 2773 erga
900 2732 1113 2765 Commodum
1135 2741 1229 2765 suum
1251 2735 1374 2764 tuetur.
1420 2732 1459 2765 In
1480 2732 1547 2766 flue
1568 2733 1627 2764 hu-

200 2782 251 2816 ius
276 2783 514 2817 commentarii
539 2785 671 2826 τρυφῆν
692 2788 726 2817 et
750 2781 899 2816 ἀσωτίαν
919 2783 1009 2817 Deas
1034 2782 1292 2817 comminiscitur
1312 2783 1371 2816 Soc.

1348 2837 1373 2875 2
