1800 2981
831 82 1091 122 —12.„

194 169 274 207 neri
305 172 457 212 uberius
484 175 681 231 fusiusque
709 182 935 236 explanato,
966 188 1178 243 videamus,
1208 194 1301 246 quid
1328 198 1605 249 probabilitatis
1632 217 1722 256 prae

190 244 230 269 se
257 231 352 271 ferat
380 234 454 274 alia
481 251 612 277 rursus
641 242 857 284 coniectura
882 251 931 297 ¹),
971 264 1047 302 qua
1073 253 1239 293 natalem
1266 256 1387 297 libelli
1415 263 1535 301 nostri
1561 269 1720 304 aetatem

193 291 230 328 in
259 292 463 346 imperium
491 297 722 343 Diocletiani
752 305 1001 359 (284—305)
1029 312 1197 355 incidere
1228 316 1404 358 creditur.
1459 322 1550 377 Ipse
1578 322 1721 366 Gesne-

189 366 254 392 rus
282 359 359 408 (cp.
387 356 585 408 XXVII.)
613 366 818 407 nonnullas
847 383 977 411 causas
1005 388 1054 413 ex
1082 375 1239 417 historia
1265 381 1421 431 sumsit,
1462 391 1503 423 ut
1529 398 1612 437 eam
1643 389 1718 440 opi-

188 413 343 455 nionem
370 419 503 459 falsam
534 436 614 464 esse
643 428 870 469 ostenderet.
902 431 1050 480 Quibus
1078 440 1314 490 argumentis
1337 442 1432 482 nihil
1451 444 1586 497 habeo,
1616 449 1718 500 quod

188 478 461 532 contradicam,
494 484 611 526 immo
639 488 774 539 habeo,
805 506 903 545 quae
930 494 1149 552 adiungam.
1206 500 1403 543 Persicum
1443 505 1544 547 enim
1574 508 1716 550 bellum

187 536 448 583 Diocletianus
475 548 594 598 gessit
617 550 803 605 Aegypto
831 563 966 607 pacata
979 561 1032 609 2);
1061 560 1100 599 in
1120 561 1383 617 Philopatride
1401 574 1528 608 autem
1548 575 1626 624 (cp.
1647 571 1715 619 29)

186 598 261 638 iam
291 601 447 643 devictis
475 606 602 649 Persis
631 610 828 667 Triephon
857 631 897 656 se
924 632 1079 672 sperare
1106 624 1179 674 ait,
1213 626 1315 677 tore,
1343 634 1386 667 ut
1412 628 1617 684 Aegyptus
1644 635 1715 675 sub

185 659 369 703 ditionem
398 666 611 711 Romanam
649 675 790 717 redeat.
848 679 984 733 Neque
1011 685 1181 735 profecto
1208 685 1464 740 Diocletiano,
1509 694 1571 745 pio
1598 693 1714 735 Jovio

184 745 234 750 —
273 723 345 763 hoc
377 733 596 781 'cognomen
623 749 880 791 assumpserat
912 766 954 770 —
987 744 1188 797 quisquam
1223 761 1263 785 se
1299 751 1568 793 commendare
1600 768 1711 795 ausus

183 789 238 822 est
274 792 502 831 coacervatis
533 793 574 833 in
600 798 801 848 gentilium
840 801 931 842 deos
969 804 1127 845 iniuriis.
1184 807 1364 862 Denique
1404 825 1539 853 causae
1572 817 1710 869 petitae

182 856 229 882 ex
258 858 315 896 eo,
345 851 447 901 quod
462 852 639 906 Byzantii
653 859 685 912 ³)
715 860 889 915 dialogus
908 873 1015 904 actus
1034 867 1094 907 vel
1124 868 1236 907 etiam
1265 871 1513 925 scriptus'cst,
1543 883 1581 916 et
1609 881 1710 931 quod

182 904 320 948 diserte
361 913 456 953 ratio
495 915 655 959 habetur
691 927 768 976 (cp.
800 926 882 973 12.)
921 934 1034 967 notae
1070 929 1117 969 de
1150 930 1297 984 Spiritu
1335 933 1476 976 Sancto
1512 938 1709 994 formulae,

180 981 344 1020 quarum
378 987 506 1016 rerum
536 986 696 1035 utraque
723 984 797 1024 iam
826 987 875 1025 ad
903 990 1068 1041 priorem
1100 992 1234 1032 thesim
1264 995 1426 1047 valebat,
1456 998 1530 1038 huc
1559 1015 1710 1056 quoque

178 1031 381 1081 pertinent.

760 1199 973 1261 caput
1006 1203 1123 1253 lv.

304 1311 450 1359 Quodsi
482 1316 716 1372 philopatris
753 1324 902 1365 duobus
937 1329 990 1366 eis
1019 1328 1318 1382 Imperatoribus
1345 1337 1506 1388 scriptus
1535 1353 1615 1377 csse
1642 1354 1704 1379 ne-

177 1371 270 1421 quit,
303 1375 522 1425 proximum
552 1387 620 1430 est,
649 1389 691 1421 ut
718 1385 887 1425 animum
908 1389 1151 1430 advertamus
1179 1393 1227 1432 ad
1246 1392 1445 1435 dulianum
1468 1398 1705 1452 Apostatam,

175 1432 239 1482 qui
287 1435 541 1489 principatum
580 1445 733 1484 tenebat
770 1447 860 1487 inde
896 1451 944 1489 ab
983 1465 1085 1491 anno
1112 1453 1187 1494 361
1219 1469 1339 1508 usque
1366 1457 1414 1496 ad
1445 1473 1587 1499 annum
1618 1462 1705 1503 363.

174 1492 224 1531 Et
250 1494 304 1533 sic
333 1498 463 1537 statuit
492 1499 702 1555 Gresnerus,
733 1515 773 1546 ut
800 1507 1000 1551 Julianum
1033 1515 1311 1568 αὐτοκράτορα
1341 1532 1422 1559 esse
1450 1520 1611 1572 diceret,
1641 1525 1704 1577 qui

174 1555 210 1592 in
240 1556 317 1596 fine
344 1558 487 1614 dialogi
517 1567 674 1604 summis
704 1568 879 1610 laudibus
910 1573 1129 1626 efferretur3
1159 1591 1319 1632 eamque
1347 1582 1577 1633 opinionem,
1607 1598 1704 1637 quae

174 1617 204 1655 ci
242 1620 345 1659 omni
385 1635 433 1660 ex
463 1633 570 1677 parte
597 1630 759 1680 probata
787 1640 887 1683 erat,
922 1649 991 1688 per
1019 1637 1152 1690 viginti
1183 1641 1353 1694 quinque
1381 1657 1500 1683 annos
1529 1656 1701 1686 constan-

172 1689 230 1718 ter
257 1683 433 1723 tuebatur
450 1688 495 1732 ⁴¹).
532 1688 664 1741 Atque
694 1693 858 1744 primum
889 1697 1042 1748 quidem
1071 1700 1232 1753 singulis
1264 1705 1467 1753 vocabulis,
1498 1708 1635 1759 quibus
1663 1710 1700 1747 in

172 1740 436 1796 Philopatride
465 1751 721 1803 occurrimus,
770 1756 904 1796 thesim
941 1773 1048 1798 suam
1087 1764 1344 1803 commendari
1382 1767 1589 1807 arbitratur
1625 1775 1701 1823 (cp.

168 1801 331 1853 XXX.).
383 1807 511 1847 Veluti
544 1811 652 1863 plura
682 1814 772 1854 dicit
799 1817 846 1857 de
875 1821 1060 1860 vocabulo
1086 1826 1345 1876 .,,ὲ“ξισωτη’ς“,
1376 1829 1482 1867 cuius
1510 1830 1698 1882 significa—

168 1864 309 1904 tionem
348 1869 545 1909 nobiscum
576 1877 831 1917 communicat
866 1880 903 1918 in
933 1884 1242 1926 annotationibus
1269 1901 1308 1941 p.
1337 1890 1448 1939 527„
1487 1904 1532 1930 ac
1568 1892 1708 1931 nititur.

167 1925 224 1963 his
252 1925 410 1969 Eusebii
439 1930 743 1977 Nicomediensis
772 1942 896 1981 verbis
914 1946 959 1991 ⁵).

295 1991 425 2038 ,Ἐπεί
451 1995 494 2032 δὲ
521 1996 650 2047 ἕτεροι
679 2001 751 2046 τοὶς
779 2005 858 2042 τῶν
886 2007 1076 2056 πρότερυν
1104 2012 1356 2060 κρατούντων
1386 2016 1453 2064 τῆς
1483 2018 1552 2066 γῆς
1579 2031 1695 2054 κατα-

224 2178 245 2217 1)
268 2181 359 2211 Haec
383 2190 512 2222 quoque
542 2186 702 2225 originem
736 2190 827 2222 ducit
850 2200 890 2223 ex
921 2193 1020 2226 rebus
1042 2195 1172 2229 bellicis
1194 2197 1228 2229 in
1252 2202 1399 2232 extremo
1422 2200 1552 2242 dialogo
1575 2211 1692 2234 memo-

268 2229 361 2264 ratis.

216 2281 243 2320 ²)
269 2280 312 2313 Cf
343 2281 417 2316 Gib.
441 2284 461 2315 1.
489 2297 514 2317 c.
538 2297 571 2327 p.
596 2289 668 2321 407.
1746 2345 1749 2349 ¹

215 2332 244 2370 ⁸)
268 2331 472 2367 Vocabulum
501 2339 634 2380 Μεσορί
655 2342 721 2381 (cp.
748 2343 821 2383 22),
852 2353 970 2376 nomen
992 2348 1114 2380 mensis
1137 2350 1311 2393 Aegyptii,
1343 2354 1485 2386 forsitan
1506 2354 1691 2388 adhibitum

267 2383 310 2416 sit
334 2384 366 2416 in
390 2387 554 2422 ominibus
577 2392 925 2436 praedictionibusque
948 2397 1203 2433 christianorum
1227 2402 1342 2436 relatis
1366 2404 1507 2447 idcirco,
1536 2407 1623 2449 quod
1646 2407 1690 2439 di-

266 2436 451 2471 vinatoriae
478 2447 568 2474 artes
597 2443 639 2477 ab
661 2445 900 2485 antiquissimis
931 2448 1007 2481 inde
1030 2452 1234 2493 temporibus
1266 2456 1420 2497 propriae
1444 2462 1538 2491 erant
1563 2459 1689 2501 Aegyp-

265 2486 321 2519 tiis
356 2490 397 2520 cf.
422 2489 519 2523 Gesn.
546 2494 666 2528 Annot.
690 2507 722 2537 p.
748 2499 821 2533 536.
868 2497 954 2539 Quid
977 2505 1087 2534 autem
1110 2503 1262 2545 Byzantii
1293 2506 1356 2539 sibi
1389 2507 1469 2541 velit
1500 2512 1559 2550 „16
1585 2511 1621 2541 ἐν
1643 2510 1690 2550 τῷ

264 2538 400 2583 θεάτρῳ
426 2539 726 2588 α’ναγιγραλιιμένον
751 2548 856 2591 ὄνομα
883 2552 1217 2595 ἱὲρογλυζᾳιικυῖς
1244 2557 1471 2601 γράμμασι
1482 2561 1519 2592 ν“
1544 2562 1595 2603 (cp
1622 2561 1658 2595 21
1681 2567 1688 2595 l

265 2591 414 2630 equidem
439 2596 559 2628 nescio.
606 2597 678 2638 Qua
700 2600 740 2632 de
763 2611 799 2633 re
822 2602 909 2642 apud
933 2602 1113 2636 Ges-,nerum
1138 2606 1220 2638 nihil
1244 2610 1385 2650 repperi.

209 2641 238 2680 ⁴)
262 2640 453 2683 Disputatio
477 2645 543 2687 illa,
567 2657 664 2689 quam
688 2650 751 2684 iam
775 2662 873 2694 saepe
892 2653 1112 2697 laudavimus,
1134 2657 1249 2691 habita
1272 2665 1322 2693 est
1334 2663 1439 2694 Jenac
1464 2674 1493 2695 a.
1523 2665 1613 2705 1714,
1639 2673 1685 2695 re-

264 2698 405 2728 tractata
429 2703 460 2729 et
485 2703 582 2732 aucta
605 2702 802 2744 publiceque
826 2705 995 2746 disputata
1017 2706 1152 2749 Lipsiae
1177 2710 1277 2751 1730;
1301 2717 1483 2746 retractata
1508 2715 1625 2748 iterum
1657 2718 1687 2745 et

262 2746 425 2788 castigata
446 2748 623 2792 Gottingae
649 2754 739 2786 1741⁷

210 2798 237 2834 ⁶)
261 2798 310 2830 Cf.
335 2798 385 2831 De
407 2801 477 2833 vita
500 2801 710 2837 Constantini
732 2806 770 2847 4,
793 2806 822 2837 3.
