1800 2981
760 66 986 107 ..9-

118 192 165 231 de
200 185 334 236 verbis,
359 183 399 222 in
427 175 690 231 Philopatride
706 208 709 215 .
726 172 828 213 haud
849 170 1065 211 necessario
1105 167 1273 222 repetitis
1299 166 1324 217 ¹)
1361 169 1398 202 ct
1434 161 1481 200 de
1510 158 1635 213 pravis

119 254 212 305 ejus.
227 244 368 298 dialogi
397 235 789 297 versibuspdisseruit,
827 233 898 272 nisi
926 230 1029 284 quod
1063 229 1215 282 singula
1243 227 1356 267 totius
1384 222 1502 263 libelli
1530 233 1636 259 accu-

120 313 237 352 ratius
277 306 368 346 mihi
398 301 541 356 legenti
569 299 707 338 mirum
735 296 953 352 Yidebatur,
990 299 1182 332 auctorem
1219 289 1331 329 etiam
1362 283 1527 340 pedestri
1555 295 1637 320 ora—

123 374 224 412 tione
251 373 420 408 utentem
448 377 493 403 ea
521 366 693 414 captare,
733 370 831 410 quae
868 355 927 394 vel
964 353 1109 407 poetica
1154 352 1230 390 sint
1258 349 1318 389 vel
1346 349 1394 386 ab
1422 345 1560 385 usitata
1588 340 1641 379 di-

75 439 77 441 ’
125 435 247 474 ctione
274 428 426 482 longius
455 422 633 465 recedant
649 421 694 468 ²).
749 417 833 459 Nec
863 415 1057 470 dispositio
1084 410 1355 466 Philopatridis
1395 408 1454 447 vel
1484 417 1640 445 oecono-

122 496 197 536 mia
225 487 338 545 quam
366 493 503 529 vocant
530 482 729 537 displicere
756 494 833 519 non
860 484 995 531 potest.
1058 475 1158 514 Nam
1187 479 1387 526 postquam
1417 471 1454 507 in
1482 465 1642 507 exordio

124 559 163 597 in
190 565 379 594 summam
408 549 580 592 venimus
609 541 952 596 exspectationem,
991 537 1085 592 quid
1112 535 1264 576 tandem
1293 530 1476 572 horribile
1504 526 1643 567 Critias

128 616 280 656 auribus
310 611 581 664 unguibusque
597 609 626 652 3)
654 603 853 651 audiverit,
881 608 1105 653 torquemur
1124 610 1264 648 magna
1292 593 1539 645 digressione,
1569 602 1646 640 qua

127 676 340 732 quindecim
370 673 492 726 capita
511 666 707 723 (4.-19.)
724 665 863 705 referta
889 667 988 701 sunt.
1029 657 1203 698 Tandem
1232 651 1437 707 aliquando
1467 656 1544 703 (cp.
1567 647 1646 696 19.)

129 738 266 780 Critias
300 735 494 775 inducitur
528 743 667 770 novam
703 727 807 766 illam
847 725 1057 764 orationem
1086 734 1172 759 cum
1202 717 1322 756 amico
1350 711 1648 758 communicans,

129 814 206 840 non
240 797 402 846 scilicet,
438 801 480 833 ut
516 805 602 846 spes
640 794 769 829 nostra
803 786 1026 840 expleatur,
1063 782 1130 821 sed
1157 788 1200 819 ut
1236 776 1519 817 meminerimus
1555 769 1649 810 illud

129 859 278 904 Horatii
296 861 350 907 ⁴):
401 853 649 907 „Parturiunt
677 858 836 900 monteS,
865 852 1040 888 nascetur
1067 841 1250 884 ridiculus
1280 841 1400 879 mus.“
1437 835 1580 883 Restat,
1610 838 1652 871 ut

131 937 252 977 neque
279 935 339 961 res
364 920 531 967 bellicas,
564 928 662 968 quae
697 914 737 952 in
766 908 1028 964 Philopatride
1057 909 1416 949 commemorantur,
1444 910 1568 950 neque
1593 909 1651 934 co-

131 985 340 1040 gnitionem
369 981 564 1022 doctrinae
590 977 836 1024 christianae,
868 985 965 1026 quae
992 969 1113 1009 multo
1142 967 1267 1005 minor
1294 969 1375 1003 erat
1401 961 1440 999 in
1469 958 1652 1005 Luciano,

136 1060 249 1100 quam
276 1046 315 1084 in
344 1045 532 1083 imitatore
559 1041 660 1088 eius,
698 1051 784 1076 cum
821 1049 865 1075 ea
900 1032 1086 1073 sententia
1113 1026 1306 1068 conciliari
1335 1036 1445 1078 posse
1472 1021 1652 1068 dicamus,

135 1122 210 1162 qua
236 1106 327 1147 olim
356 1118 451 1159 opus
480 1100 688 1142 clarissimo
715 1097 771 1137 illi
798 1095 970 1150 scriptori
997 1093 1149 1132 satirico
1177 1087 1427 1128 tribuebatur.

259 1159 395 1212 Itaque
434 1171 552 1211 quum
589 1157 652 1198 hic
688 1158 840 1198 libellus
877 1172 898 1196 a
936 1156 1106 1195 Luciano
1144 1165 1219 1191 non
1262 1147 1455 1187 confectus
1492 1145 1562 1194 sit,
1603 1149 1654 1180 ta-

136 1236 221 1262 men
257 1227 294 1261 et
329 1234 469 1273 magna
518 1234 615 1272 quae
657 1221 800 1273 ubique
842 1224 980 1271 regnat
1017 1214 1202 1269 cupiditas
1239 1222 1344 1247 sacra
1378 1205 1584 1261 spernendi
1621 1209 1657 1241 et

136 1283 283 1324 colendi
324 1281 599 1335 rempublicam
616 1286 650 1330 ⁵)
696 1281 933 1333 dictonisque
977 1277 1128 1331 singula
1173 1274 1226 1313 ita
1270 1269 1436 1310 reddunt
1474 1269 1658 1307 referunt-

136 1360 209 1398 que
254 1345 491 1394 Lucianum,
540 1350 582 1383 ut
625 1343 832 1383 similitudo
876 1343 974 1380 inter
1019 1345 1303 1393 praeceptorem
1349 1338 1386 1371 et
1431 1327 1657 1382 discipulum

133 1407 262 1446 adesse
281 1406 465 1456 videatur,
494 1413 530 1445 et
554 1420 623 1446 suo
647 1406 729 1445 iure
742 1402 973 1444 Wielandus
1005 1401 1208 1441 arbitretur
1226 1397 1270 1451 ⁶),
1298 1406 1419 1440 totum
1449 1392 1658 1443 dialogum,

134 1476 174 1508 ut
201 1469 389 1508 cornicem
406 1469 634 1522 Aesopeam,
662 1467 803 1522 plumis
832 1463 1044 1504 contectum
1074 1475 1155 1500 esse
1182 1462 1352 1501 Luciano
1382 1456 1534 1497 evulsis.
1571 1452 1658 1491 Pla·

134 1536 210 1581 cet,
238 1529 312 1570 hoc
338 1530 422 1569 loco
449 1544 497 1569 ex
525 1529 857 1578 annotationibus,
885 1539 980 1580 quas
1008 1522 1203 1565 Gesnerus
1230 1522 1429 1578 egregium
1458 1514 1651 1573 quoddam

134 1592 375 1632 corollarium
403 1592 556 1631 editioni
585 1605 676 1632 suae
702 1591 851 1639 adiecit,
887 1602 1007 1641 pauca
1035 1587 1252 1625 testimonia
1279 1584 1472 1625 conferre:
1516 1593 1575 1632 cp.
1606 1580 1661 1625 1.;

141 1655 439 1705 »δυσχεραίνεις
476 1657 567 1692 καθ’
589 1648 700 1705 ἡμῶν
740 1650 763 1704 ἢ
793 1650 1117 1701 ἑκκεκοόφωσαια,
1156 1647 1202 1686 cf.
1233 1646 1326 1685 Luc.
1366 1645 1403 1683 in
1442 1642 1552 1681 Votis
1585 1639 1665 1676 sive

137 1714 235 1754 Navi
257 1729 289 1754 0.
314 1716 395 1755 lO.:
427 1715 477 1766 »ἢ
495 1716 748 1766 δυσχεραίνει
777 1715 870 1752 καθ’
891 1712 1017 1763 ἡμῶν,
1048 1711 1073 1761 ἢ
1093 1710 1399 1760 ὲκκεκιόφωται“
1424 1708 1467 1753 ²).
1509 1702 1581 1756 Cp.
1602 1703 1662 1741 2.:

141 1774 226 1816 Old’
248 1776 307 1815 ὅτι
332 1777 381 1814 ου’
398 1777 540 1827 μικρὸν
561 1776 653 1814 οὐδὲ
674 1774 1021 1825 εὐκαταφρόνητον
1046 1772 1211 1822 πρᾶγμα
1234 1771 1479 1812 α’νακυκλεῖς,
1507 1765 1553 1803 cf.
1568 1762 1661 1801 Lue-

138 1839 176 1877 in
202 1837 343 1891 Navig.
373 1851 405 1877 c.
435 1838 517 1878 IL:
560 1837 633 1887 »ου’
660 1837 805 1889 μικρόν
834 1834 923 1873 οὐδ’
953 1834 1300 1885 ετῖκαταφρόνητον
1330 1831 1492 1881 πρᾶγμα
1523 1826 1574 1873 ὦς
1603 1827 1666 1863 ὸό-

139 1908 219 1947 κεῖς
240 1901 495 1941 ἀνακυκλῶν“
510 1901 552 1952 ⁸).
592 1898 664 1952 Cp.
685 1900 772 1939 22:
803 1893 884 1947 ᾖ,εἷς
911 1897 953 1935 δὲ
974 1896 1093 1945 δριμύ
1115 1896 1185 1933 καί
1205 1893 1429 1938 Τιτανῶὃες
1458 1890 1619 1930 ἐνιδιόν.
1635 1890 1668 1925 .“

137 1962 184 2002 cf.
211 1962 305 2004 Luc.
335 1962 545 2002 Icaromen.
584 1975 642 2013 cp.
671 1961 757 2001 23.:
803 1959 849 2008 „ri
878 1958 984 2004 Ζεύς
1013 1958 1124 2005 μάλα
1153 1957 1339 2008 φοβερῶς
1369 1954 1489 2006 δριμύ
1530 1967 1569 1990 τε
1604 1951 1672 1988 καί

200 2134 226 2175 ¹)
248 2134 418 2191 Nonnulla
439 2137 549 2166 tamen
581 2132 760 2172 adiungere
783 2131 898 2163 liceat:
933 2129 1077 2170 ἀσελγὴς
1106 2128 1159 2160 vel
1190 2126 1352 2159 vocabula
1382 2124 1528 2156 eiusdem
1559 2120 1673 2162 stirpis

247 2196 298 2227 cp.
316 2186 346 2242 4.
366 2186 428 2225 b1s,
451 2194 501 2225 cp.
525 2186 554 2215 7.
577 2182 629 2216 bis
653 2186 686 2214 et
708 2191 757 2222 cp.
775 2182 843 2222 11.;
867 2181 984 2224 πρῴην
1007 2191 1056 2221 cp.
1079 2181 1121 2221 8.,
1144 2184 1178 2211 et
1200 2189 1250 2219 cp.
1277 2177 1326 2209 12.
1350 2176 1494 2217 (duobus
1519 2173 1674 2213 deinceps

247 2236 408 2276 versibus,
432 2234 563 2267 diverso
586 2234 718 2275 sensu);
743 2232 972 2273 Γιγαντολέτις
994 2242 1043 2273 cp.
1068 2233 1098 2264 4.
1122 2235 1155 2263 et
1177 2229 1228 2270 8.;
1254 2226 1469 2270 ἐγχαράσσαι
1494 2234 1544 2265 cp.
1568 2223 1618 2257 13.
1643 2227 1676 2254 et

249 2298 299 2330 cp.
324 2288 393 2329 17.;
417 2286 598 2328 πεδάρσιοι
622 2295 670 2327 cp.
694 2285 723 2317 2.
747 2288 781 2316 et
803 2293 853 2325 cp.
876 2283 928 2318 24.

200 2342 224 2382 ²)
247 2341 336 2374 Satis
360 2340 403 2373 sit
424 2339 551 2380 aliquot
571 2338 661 2370 locos
678 2344 897 2376 enumerasse,
922 2345 974 2377 cp.
1002 2338 1046 2366 1.:
1077 2331 1336 2375 βυσσοδομεύῳ,
1365 2333 1439 2367 αἴω,
1468 2330 1673 2359 mammem.

249 2402 302 2433 cp.
318 2391 367 2424 2.:
395 2389 508 2429 νηδύς,
535 2399 584 2430 cp.
601 2389 650 2422 3.:
676 2385 836 2424 Εὔξεινον
853 2398 872 2417 :1
884 2385 981 2418 όντον
997 2384 1193 2424 οἰχήσονται
1209 2383 1330 2416 omissa
1345 2380 1590 2423 praepositione
1613 2382 1674 2414 εἰς,

251 2447 302 2478 et:
326 2441 433 2482 εὔηχα
447 2440 609 2479 κελαδεῖν,
636 2448 685 2480 cp.
709 2438 759 2470 4.:
785 2435 966 2480 ἄμυμέναι,
993 2447 1044 2478 ep.
1068 2436 1117 2469 5.:
1144 2432 1265 2475 ἰητρός,
1292 2443 1342 2475 cp.
1368 2435 1413 2465 7.:
1435 2431 1599 2473 Ἑρμείας,
1625 2440 1676 2471 cp.

251 2497 300 2527 8.:
338 2493 514 2536 Γοργόνος.
539 2503 589 2534 cp.
615 2492 673 2526 19:
703 2494 883 2522 κιιιπτιιίνω
905 2489 996 2520 καλι-

199 2546 226 2585 ³)
251 2545 299 2577 Cf.
325 2555 375 2586 cp.
399 2549 418 2576 3
445 2548 593 2576 extrema
616 2540 831 2582 Triephontis
852 2540 965 2572 verba.

203 2596 228 2637 ⁴)
252 2596 302 2629 Cf.
326 2596 433 2639 Epist.
458 2595 517 2627 III.
542 2594 600 2634 (ad
623 2593 777 2633 Pisones)
799 2591 820 2623 1.
845 2590 895 2623 ΙΙ,
911 2600 941 2622 v.
970 2589 1040 2622 139.

201 2651 229 2687 ⁶)
252 2648 340 2680 Hinc
361 2656 479 2680 nomen
503 2647 663 2679 fortasse:
699 2643 922 2683 Φιλόιιαπρις.

202 2700 229 2738 ⁰)
254 2699 304 2733 Cf.
335 2698 387 2731 W.
418 2697 552 2731 Uebers.
571 2706 610 2737 p.
635 2698 713 2728 390.

203 2752 231 2790 ἵ)
254 2750 303 2785 Cf.
327 2750 376 2785 ed.
399 2749 472 2792 Bip.
495 2748 635 2782 Luciani
657 2758 688 2790 p.
711 2744 784 2780 502.

203 2803 233 2840 ⁸)
257 2802 307 2834 Cf.
331 2802 353 2833 l.
376 2811 404 2833 c.
429 2810 460 2840 p.
484 2800 556 2831 504.
