1800 2981
756 76 911 116 --21
971 97 1014 105 .-

126 186 280 227 minime
308 181 464 236 quidem
494 188 666 235 tempore
692 181 946 235 expeditionis
974 183 1106 222 eontra
1133 182 1268 222 Persas
1297 189 1505 235 susceptae,
1536 194 1654 234 quum

125 250 163 287 iu
193 251 344 299 pectore
370 242 520 282 Juliani
548 242 814 282 benevolentia
840 256 932 296 erga
960 243 1050 284 deos
1077 244 1227 297 penitus
1252 243 1454 284 insedisset
1488 250 1526 282 et
1552 243 1655 281 inve—

125 311 314 349 teraosset.
370 303 499 352 Quam
537 304 586 343 ob
621 316 704 343 rem
732 316 782 343 ne
810 305 882 344 hoc
909 304 1062 357 quidem
1091 305 1172 345 fieri
1209 306 1351 358 potuit,
1392 311 1434 344 ut
1461 303 1655 344 Lucianus

125 368 278 422 quidam
307 364 477 418 sophista
501 365 527 417 ¹)
556 364 707 417 ipsique
734 364 787 403 illi
807 366 1034 419 Imperatori
1064 368 1208 405 amicus
1235 367 1307 405 hac
1334 366 1655 405 commentatione

126 428 331 470 amicitiam
352 439 468 465 suam
497 427 764 480 comprobaret
791 433 830 466 et
852 426 1071 467 illustraret.

251 488 361 527 Haec
384 488 434 527 de
460 488 588 541 priore
614 501 657 527 re
684 488 825 528 dixisse
842 489 1016 538 sufficiat,
1046 495 1082 528 et
1110 490 1149 527 in
1177 503 1222 528 eo
1252 494 1319 538 est,
1348 489 1396 527 ad
1425 494 1467 526 ut
1493 487 1652 525 alterum

127 552 174 591 de
191 549 388 602 virginum
408 547 525 588 caede
543 547 804 601 quaestionem
831 550 1067 591 accedamus.
1108 549 1301 589 Audimus
1329 550 1429 589 enim
1459 546 1656 598 imphilo-

126 611 274 667 putride
302 610 367 662 (cf.
397 624 455 663 cp.
484 611 536 657 9.)
593 610 869 663 Triephontem
899 612 1054 663 Critiae,
1084 612 1150 665 qui
1177 610 1406 664 Gorgonem
1435 623 1517 650 esse
1541 616 1656 663 caput

76 698 80 709 .
126 672 282 713 alicuius
306 671 466 723 virginis
484 670 753 721 affirmaverat,
782 672 899 712 hocce
927 674 1039 713 modo
1068 672 1381 726 respondentem:
1411 672 1474 723 (cf.
1504 686 1564 725 cp.
1594 671 1651 718 9.)

127 731 285 774 ...οἶδά
312 735 462 783 μυρίας
490 733 734 781 διαμελεῖστί
759 733 980 785 τμηθειέῐας
1010 735 1269 785 (παρθένους)
1299 734 1425 786 Νήσῳ
1454 736 1496 772 ἐν
1524 735 1652 783 ἄμφι-

128 797 210 847 ρόῃ,
242 794 406 844 Κρήτην
425 793 469 831 δέ
496 794 539 831 τέ
557 806 625 841 μιν
652 794 901 833 καλέουσιν(
944 795 1176 845 Quaeritur„
1192 808 1284 833 num
1304 794 1453 834 Juliani
1481 800 1656 846 tempore

126 856 199 895 tale
217 852 312 906 quid
338 853 379 892 in
399 853 518 894 Creta
543 854 669 894 insula
694 857 839 895 tactum
866 856 925 895 sit.
970 856 1019 895 Et
1047 856 1193 896 detexit
1212 855 1409 895 Gesnerus
1422 858 1468 904 ²),
1495 854 1655 894 Cretam

132 930 217 956 cum
236 915 454 954 Palaestina
482 928 596 968 saepe
624 916 820 955 confusam
849 929 943 967 esse,
970 916 1116 956 Gazam
1138 917 1309 956 Minoam
1337 916 1490 964 dictam,
1518 921 1558 954 et
1574 913 1654 954 Ga·

125 991 231 1018 zaeos
267 982 348 1016 tum
395 977 436 1016 in
477 977 701 1017 christianos
748 978 948 1018 saeviissez
997 980 1084 1017 hinc
1121 978 1242 1018 sumit
1279 977 1652 1030 interpretationem3

127 1039 184 1077 cni
211 1043 339 1077 tamen
368 1038 620 1078 adversantur
644 1051 691 1077 ae
717 1047 935 1092 repugnant
962 1041 1094 1078 verba:

642 1106 791 1159 »Νήσῳ
820 1108 863 1147 ἐν
893 1109 1137 1160 α’μφιριῖτῃιί.

730 1298 944 1361 Caput
979 1299 1057 1348 V.

231 1439 435 1493 *Quinque
471 1440 589 1494 igitur
622 1454 681 1479 res
709 1441 879 1484 efficiunt
888 1470 899 1489 ,
936 1448 978 1479 ut
1015 1442 1053 1480 in
1084 1439 1248 1479 Gesneri
1285 1436 1472 1477 sententia
1508 1435 1656 1474 erudite

126 1501 189 1539 illa
217 1500 498 1554 diligenterque
517 1499 672 1552 defensa
690 1514 767 1540 non
786 1501 862 1538 iam
881 1502 1183 1552 acquiescamus:
1210 1499 1393 1551 primum,
1424 1495 1527 1549 quod
1548 1494 1656 1534 Trie-

127 1561 228 1614 phon
249 1567 326 1616 [cp.
347 1563 431 1610 29.)
459 1568 602 1616 sperat,
631 1575 722 1612 mox
742 1562 969 1615 Aegyptum
999 1568 1176 1615 pacatum
1196 1559 1255 1610 iri,
1271 1556 1423 1598 'deinde
1442 1555 1545 1610 quod
1575 1561 1655 1608 (cp.

131 1622 211 1670 23.)
238 1623 278 1666 in
307 1622 461 1678 dialogo
481 1623 678 1663 monachis
707 1624 939 1668 occurrimus
968 1637 1045 1663 una
1073 1623 1111 1660 in
1140 1618 1497 1673 claustro'BUyzantii
1527 1618 1655 1655 viven-

125 1679 235 1735 tibus,
263 1691 346 1725 tum
374 1685 499 1728 obstat
526 1684 592 1724 illa
621 1684 845 1740 deSpiritu
863 1683 1007 1729 Sancto
1034 1683 1201 1725 formula
1226 1688 1306 1735 (ep.
1337 1682 1418 1728 12.)
1447 1695 1481 1719 a.
1509 1680 1585 1721 381
1615 1693 1655 1732 p.

127 1744 197 1790 Ch.
221 1760 264 1791 n.
293 1747 507 1797 constituta,
536 1752 732 1800 praeterea
759 1745 892 1788 caedes
921 1746 1113 1799 virginum
1144 1745 1182 1783 in
1206 1738 1323 1785 Creta
1348 1742 1460 1792 facta,
1490 1742 1567 1779 vita
1594 1739 1655 1778 de·

124 1807 238 1861 nique
265 1815 303 1848 et
329 1822 455 1848 mores
483 1808 601 1861 ipsius
628 1806 657 1848 J
659 1808 776 1851 uliani
804 1808 1028 1862 Apostatae.
1082 1805 1219 1861 Itaque
1258 1818 1378 1860 quum
1407 1804 1520 1848 rebus
1549 1800 1655 1841 belli-

125 1868 174 1906 cis
201 1868 241 1908 in
269 1870 367 1909 Asia
393 1870 533 1922 gestis,
574 1876 654 1908 tum
687 1882 730 1908 re
758 1868 933 1908 Cretensi
961 1868 1153 1907 transilire
1181 1867 1356 1920 cogimur
1382 1865 1434 1905 ad
1459 1862 1655 1907 saeculum

124 1928 324 1970 decimum.
366 1931 455 1978 Qua
473 1932 514 1970 in
531 1944 575 1970 re
600 1931 810 1969 maximam
838 1937 984 1983 partem
1013 1929 1150 1969 ducem
1170 1929 1367 1981 sequimur
1385 1924 1655 1971 Niebuhrium,

124 1991 188 2041 qui
224 1991 264 2030 in
293 1992 527 2045 praefatione
559 1991 716 2031 editioni
742 1990 886 2031 Leonis
914 1991 1078 2031 Diaconi
1105 1991 1314 2044 praemissa
1330 1988 1359 2035 3)
1387 1988 1441 2026 sic
1468 1986 1654 2038 disputat:

126 2050 279 2099 „Restat
316 2053 490 2104 libellus,
528 2053 635 2092 cuius
674 2052 828 2093 titulum
854 2053 895 2092 in
923 2052 1048 2092 indice
1066 2055 1096 2102 4)
1123 2052 1284 2092 fortasse
1314 2063 1393 2089 non
1421 2048 1503 2086 sine
1530 2058 1656 2098 repre-

123 2111 306 2154 hensione
334 2115 471 2167 aliquis
500 2114 727 2168 conspiciet:
756 2114 991 2168 Philopatris
1018 2114 1216 2167 dialogus3
1250 2124 1364 2165 quem
1393 2111 1493 2149 inter
1520 2106 1655 2146 Lucia·

122 2186 211 2213 neos
231 2189 386 2215 censere
403 2176 580 2216 solebant
597 2176 772 2225 maiores,
790 2187 907 2225 nunc,
928 2176 1190 2216 auctoritatem
1211 2171 1388 2221 Gesneri‚
1419 2170 1488 2208 viri
1510 2167 1654 2220 magni,

121 2236 260 2285 secuti,
295 2236 524 2290 plerumque
559 2237 607 2276 ad
635 2236 784 2277 Juliani
812 2239 918 2290 Aug.
946 2243 1108 2277 aetatem
1136 2236 1317 2275 referunt.
1374 2232 1557 2270 Attamen
1586 2227 1655 2269 So—

124 2293 232 2335 lanus
268 2298 308 2336 in
347 2297 413 2337 illo
441 2304 653 2351 agnoverat
676 2299 882 2338 formulam
913 2298 961 2340 de
989 2298 1154 2352 Spiritus
1174 2290 1578 2347 Sancti'proeessione
1605 2290 1655 2341 (e.

124 2356 202 2407 12),
232 2372 332 2412 quae
360 2372 462 2399 nono
490 2359 645 2399 demum
673 2360 826 2400 saeculo
843 2363 878 2408 ¹⁵)
906 2365 1039 2400 exorta
1067 2365 1135 2410 est,
1169 2378 1211 2388 ——
1244 2357 1361 2397 falsus
1387 2355 1426 2393 in
1456 2366 1520 2401 eo,
1551 2350 1655 2404 quod

180 2527 201 2570 ¹)
225 2528 276 2561 Cf.
299 2528 400 2563 Gesn.
424 2530 501 2564 diss.
525 2541 575 2572 cp.
601 2531 705 2564 XLII.

179 2579 203 2619 ²)
225 2578 275 2611 Cf.
300 2580 350 2614 ed.
373 2581 448 2622 Bip.
472 2583 714 2615 Annotationes
736 2592 811 2624 pag.
837 2584 916 2624 513,
939 2583 1003 2617 514
1025 2584 1068 2616 ad
1091 2592 1203 2615 vocem
1226 2580 1424 2623 „Korfivvff

180 2629 208 2670 ³)
233 2630 283 2662 Cf.
309 2631 405 2673 Corp.
429 2632 565 2674 Scriptt.
589 2633 718 2675 Byzant
748 2633 835 2666 nist.
862 2644 940 2676 pars
962 2635 1019 2667 Xl.
1043 2636 1079 2667 12.
1102 2634 1144 2668 D.
1167 2634 1303 2667 Bonnae
1326 2634 1634 2668 MDCCCXXVIII.

175 2679 200 2720 4)
223 2681 324 2714 Index
355 2683 523 2716 variorum
551 2684 739 2717 libellorum
772 2690 840 2727 est,
874 2686 930 2726 qui
952 2685 1132 2727 Nicephori
1155 2685 1284 2718 Phocae
1315 2691 1349 2717 et
1370 2687 1511 2719 ,Ioannis
1535 2687 1656 2718 Tzimi·

224 2732 291 2765 scis
313 2732 495 2767 historiam
518 2734 699 2768 illustrant.

176 2782 205 2820 ⁵)
226 2781 332 2817 Error
354 2784 410 2818 hic
433 2789 503 2828 est;
526 2785 583 2819 IX.
607 2787 751 2828 saeculo,
773 2786 891 2821 Photio
916 2788 974 2820 illo
995 2792 1142 2829 auctore,
1164 2787 1254 2820 inter
1265 2787 1461 2821 Occidentis
1481 2792 1516 2821 et
1539 2788 1656 2821 orien-
