1800 2981
790 64 1050 105 ..24-

270 169 380 208 Idem
409 168 491 208 Leo
520 168 719 208 Diaconus
756 175 899 209 narrat.
944 168 1062 220 (Hist.
1095 167 1152 206 ΙΙ.
1183 170 1205 208 7
1235 168 1307 207 sub
1338 169 1455 207 finem
1483 184 1572 223 pag.
1603 172 1684 224 26.)

142 230 281 282 Neque
310 243 448 282 parum
477 229 526 268 ad
555 228 761 268 Niebuhrii
787 230 1018 268 sententiam
1046 228 1156 277 faeit,
1195 228 1299 281 quod
1328 240 1388 267 res
1416 243 1449 269 a.
1479 229 1529 271 N.
1558 231 1686 272 Phoca

144 298 300 343 strenue
319 293 372 329 ‘ac
400 290 561 330 feliciter
587 296 719 343 gestae
746 289 937 343 quaedam
960 290 1158 343 praebent,
1188 288 1290 328 unde
1309 290 1517 345 ἐπινόιιονε
1549 293 1686 342 »Πέπ-

144 369 267 392 non-cv
308 353 512 403 ὀφρῦς...
529 380 539 390 .
557 355 575 373 ‘⁴
607 357 685 404 (ep.
714 351 798 399 28.)
838 357 927 404 apte
960 350 1184 403 explicetur.
1240 350 1341 390 Nam
1370 353 1592 404 priusquam
1621 355 1686 394 Ni-

146 415 336 468 eephorus
367 412 580 452 Caesareae
607 414 657 452 ab
685 414 856 453 exercitu
885 412 1102 466 Imperator
1134 412 1364 452 salutaretur
1383 414 1430 463 ¹),
1468 413 1543 453 iam
1580 430 1686 456 sexa-

144 478 255 530 ginta
284 474 569 516 Saracenorum
600 475 756 514 castella
784 480 1076 527 expugnaverat
1093 475 1134 527 2).
1189 475 1410 527 Imperator
1431 476 1552 515 faetus
1579 487 1687 529 quot-

142 537 252 577 annis
290 537 372 589 ipse
411 548 501 575 vere
537 535 694 575 ineunte
730 534 1013 589 expeditionem
1050 535 1090 574 in
1121 535 1258 575 Asiam
1285 535 1521 588 suscipiebat
1559 544 1597 577 et
1629 539 1685 578 in-

142 598 274 652 primis
303 597 488 636 memoria
516 596 658 649 dignae
683 604 775 636 sunt
802 596 984 636 victoriae
1011 597 1090 635 eius
1110 596 1297 650 Syriacae
1312 596 1357 647 ³),
1387 598 1426 636 vi
1449 599 1550 651 oepit
1568 598 1685 639 Edes-

143 674 243 708 sam,
286 659 432 697 Aream
445 688 455 709 ,
495 658 745 696 Antiochiam
764 661 809 704 ⁴¹).
864 657 1037 709 Longius
1068 659 1273 710 quominus
1303 658 1624 712 progrederetur,
1653 662 1685 700 ei

144 734 247 761 mors
292 720 497 758 immatura
540 718 816 772 impedimento
855 724 947 758 erat.
1003 718 1117 767 Quod
1156 726 1282 759 autem
1313 720 1493 760 Cleolaus
1531 722 1686 761 nuntius

144 783 260 821 etiam
289 780 390 822 Susa
430 786 541 833 capta
576 794 659 820 esse
695 780 879 828 laetatur,
918 780 1013 819 nihil
1043 781 1082 820 id
1110 782 1252 831 refert,
1290 783 1382 834 quia
1408 781 1591 821 credibile
1618 789 1685 832 est,

141 856 230 882 eum
260 842 320 880 vel
348 842 514 880 incertos
542 854 716 880 rumores
743 846 968 893 sequentem
1001 842 1060 881 vel
1096 856 1190 895 prae
1217 843 1336 882 nimio
1364 842 1507 896 gaudio
1534 843 1686 895 singula

143 917 221 944 non
249 902 300 942 ad
326 902 444 941 fidem
472 901 654 945 historiae
680 901 999 942 aoeommodasse.
1043 903 1217 957 Bulgari,
1247 904 1295 942 ad
1324 917 1419 957 quos
1449 903 1683 944 Niebuhrius

143 966 283 1005 verba:
315 964 410 1013 „wig
439 964 638 1015 ἐκδρομὰς
666 965 738 1010 τοὶς
767 965 966 1003 Σκυθῶν“
998 972 1173 1015 revocat,
1202 972 1293 1005 ante
1319 965 1583 1018 Nicephorum
1610 964 1686 1005 Ro-

142 1039 276 1065 manos
303 1025 515 1065 admodum
544 1032 803 1074 vexaverant3
834 1025 865 1063 is
892 1024 975 1076 ipse
1003 1040 1091 1066 eum
1120 1027 1380 1080 repetentibus
1407 1027 1518 1067 solita
1546 1028 1687 1066 tributa

142 1087 339 1141 paulisper
366 1086 541 1126 conflixit
556 1087 600 1134 ⁵).

272 1149 457 1187 Attamen
486 1161 560 1200 ego
590 1162 667 1187 non
696 1147 886 1198 intelligo,
917 1165 993 1204 quo
1022 1150 1105 1189 iure
1133 1149 1368 1188 Niebuhrius
1394 1148 1633 1202 scripseritz.
1650 1178 1659 1187 .
1677 1182 1685 1190 .

146 1211 316 1263 denique
344 1210 512 1249 seditiosi
542 1216 670 1249 coetus
703 1234 746 1239 -—
780 1215 818 1247 et
845 1222 997 1253 moeror
1025 1223 1181 1265 prave
1208 1209 1566 1264 religiosorum
1583 1240 1591 1248 .
1610 1240 1618 1247 .
1636 1239 1645 1247 .
1665 1211 1682 1230 ‘⁴

142 1272 231 1320 Qua
245 1272 293 1311 de
307 1285 350 1311 re
364 1271 461 1310 nihil
474 1285 636 1324 usquam
656 1272 803 1323 inveni;
821 1274 953 1325 immo,
975 1287 1075 1326 quae
1102 1273 1141 1311 in
1156 1272 1289 1312 Leone
1318 1271 1492 1312 Diaeono
1507 1271 1555 1310 de
1566 1279 1686 1310 morte

145 1333 357 1386 Nicephori
384 1332 602 1382 traduntur,
631 1332 750 1386 longe
777 1334 890 1376 aliter
916 1350 958 1376 se
975 1336 1134 1375 habent.
1176 1333 1331 1373 Etenim
1352 1332 1592 1386 Theophane
1610 1332 1686 1370 Im-

146 1395 318 1449 peratrix
346 1408 369 1432 a
397 1393 548 1451 marito,
581 1400 623 1432 ut
650 1401 732 1433 erat
758 1396 874 1436 foedo
908 1398 1016 1437 vultu
1044 1403 1083 1437 et
1108 1394 1264 1435 sordida
1292 1394 1538 1448 parsimonia,
1567 1400 1687 1432 tanto-

142 1470 234 1510 pere
264 1455 450 1507 paulatim
478 1455 649 1493 animum
679 1463 882 1508 averterat,
919 1466 960 1497 ut
988 1464 1180 1511 postremo
1210 1455 1268 1494 vel
1299 1462 1432 1494 contra
1461 1455 1577 1493 vitam
1607 1454 1686 1492 eius

145 1516 302 1555 insidias
330 1521 495 1555 strueret
511 1518 566 1564 ⁶),
595 1515 758 1555 satellite
786 1518 1040 1571 ministroque
1066 1524 1176 1557 utens
1204 1515 1359 1556 Joanne
1389 1515 1589 1554 Tzimisee.
1646 1513 1684 1551 Is

141 1593 163 1617 a
192 1576 415 1629 Nicephoro
443 1575 687 1616 Domesticus
717 1575 889 1618 Orientis
917 1586 1063 1620 creatus
1085 1580 1136 1631 ²),
1165 1576 1310 1617 invidia
1337 1583 1466 1616 tamen
1495 1581 1533 1615 et
1559 1576 1682 1614 obtre-

141 1640 306 1678 ctatione
333 1638 460 1677 fratris
485 1637 734 1690 Imperatoris
762 1641 810 1678 ab
840 1641 913 1679 hoc
944 1639 1070 1692 gradu
1100 1638 1265 1677 deiectus
1293 1645 1387 1677 erat.
1426 1636 1681 1675 Arcesseban-

140 1708 203 1739 tur
230 1699 386 1752 quidam
425 1699 495 1737 viri
536 1699 700 1738 audaces
729 1706 766 1739 et
804 1701 880 1740 fide
909 1701 1017 1754 digni
1051 1700 1098 1738 ad
1129 1699 1284 1739 caedem
1313 1697 1522 1751 Nicephori
1551 1708 1682 1748 perpe-

142 1761 333 1810 trandam,
363 1767 412 1810 et,
443 1760 619 1799 hiemalis
649 1762 770 1801 noctis
799 1763 968 1802 tenebris
987 1762 1162 1811 contecti,
1193 1774 1270 1800 una
1288 1774 1374 1799 eum
1394 1758 1548 1799 Joanne
1571 1763 1679 1795 atrox

139 1824 236 1864 illud
265 1829 302 1863 et
329 1829 494 1862 taetrum
523 1823 670 1862 facinus
699 1824 868 1863 exsecuti
897 1830 987 1863 sunt
1005 1825 1047 1875 Β).
1105 1821 1257 1862 Deinde
1285 1827 1452 1869 constat,
1492 1818 1681 1871 Nicepho-

139 1900 227 1924 rum
266 1886 397 1923 vivum
434 1897 585 1922 summa
623 1897 716 1936 erga
747 1884 875 1924 Deum
915 1885 1052 1937 pietate
1080 1890 1117 1922 et
1144 1883 1289 1935 optima
1316 1882 1356 1920 in
1385 1879 1591 1920 monachos
1620 1891 1681 1916 vo-

140 1948 287 1986 luntate
315 1946 431 1984 fuisse
445 1946 499 1997 ⁹):
555 1945 717 1994 ᾖΑὐτὸς
737 1947 779 1984 δὲ
807 1946 878 1997 τήν
909 1946 1064 1996 συνήθη
1095 1949 1370 1994 προσεποιεῖτο
1398 1942 1682 1991 ἀπαρεγχείρη-

140 2024 208 2047 τον
239 2007 508 2058 σωφροσύνην
529 2009 746 2057 διατηρεῖν,
774 2007 962 2058 γυναικός
989 2021 1031 2044 τε
1052 2005 1454 2056 συζυγιάς·ἑκκλι’νων
1473 2003 1543 2041 καί
1559 2016 1680 2051 κρεω-

141 2068 293 2120 φαγιάν
324 2068 769 2117 α’ποδιοπομπούμενος·
812 2069 895 2107 ἀλλ’
926 2068 962 2107 οὶ
990 2069 1058 2107 τόν
1090 2067 1243 2118 μονήρη
1272 2066 1362 2115 βίον
1389 2066 1589 2114 μετιόντες
1617 2062 1684 2100 καί

144 2130 273 2168 αιῗτοῦ
301 2130 369 2168 τόν
398 2130 545 2179 τρόπον
573 2130 694 2179 δῆθεν
715 2130 979 2181 ῥυθμίζοντες
1000 2131 1174 2178 (ἐτίμα
1201 2129 1292 2179 γάρ
1322 2127 1680 2178 διαφερόντως

198 2364 223 2405 ¹)
248 2362 299 2396 Cf.
321 2361 360 2395 L.
384 2361 481 2397 Diae.
506 2360 528 2393 l.
552 2361 633 2403 III.,
656 2371 706 2403 cp.
731 2362 762 2396 3.

196 2415 220 2456 ²)
245 2413 295 2445 Cf.
319 2412 357 2445 L.
381 2412 476 2445 Diac.
501 2412 523 2444 l.
547 2412 591 2444 11.
616 2421 667 2453 cp.
692 2413 723 2446 9.

195 2466 224 2505 ³)
249 2463 300 2495 Cf.
325 2463 362 2496 L.
386 2463 481 2495 Diae.
507 2462 529 2496 1.
552 2462 609 2495 IV.
635 2472 685 2504 cp.
711 2464 767 2505 10,
793 2464 844 2497 11.

192 2517 221 2558 ⁴)
246 2514 297 2548 Cf.
321 2514 359 2548 L.
383 2515 476 2548 Diae.
502 2515 525 2548 1.
549 2514 588 2548 V.
614 2525 665 2556 cp.
689 2517 719 2548 4.

197 2568 225 2607 ⁵)
249 2567 299 2599 Cf.
324 2567 362 2600 L.
386 2567 480 2599 Diae.
504 2567 547 2598 H.
571 2566 628 2598 IV.
650 2567 682 2600 5.

193 2618 221 2658 ⁸)
247 2616 296 2650 Cf.
319 2617 359 2649 L.
382 2616 476 2650 Diae.
501 2616 543 2650 H.
567 2616 608 2649 V.
632 2617 663 2649 5.

194 2669 221 2710 7)
246 2668 297 2700 Cf.
321 2668 358 2700 L.
384 2668 476 2700 Diae.
502 2667 543 2700 H.
567 2668 627 2700 III.
653 2668 682 2701 6.

196 2720 222 2760 ο)
246 2718 297 2750 ef.
321 2719 358 2750 L.
382 2719 479 2751 Diae.
503 2719 543 2751 v.
569 2718 665 2752 6-7.

200 2772 229 2812 ⁹)
255 2769 305 2802 Cf.
329 2769 366 2802 L.
389 2770 484 2802 Diae.
506 2769 566 2802 III.
590 2771 610 2801 9
634 2769 677 2804 εί.
702 2772 877 2810 praeterea
900 2768 938 2800 V.
962 2769 993 2809 5,
1015 2770 1035 2800 6
1058 2768 1120 2801 sub
1142 2767 1240 2823 finqn
1264 2771 1298 2801 et
1320 2768 1352 2802 8.
