1800 2981
762 69 1017 109 *25-

115 196 136 218 τ
148 195 167 216 ο
179 179 202 216 ὓ
216 193 234 223 ς
252 193 280 225 μ
295 191 315 214 ο
326 193 347 214 ν
359 192 384 214 α
396 190 452 213 στ
464 175 488 213 οἱ
501 179 537 221 ς)
554 175 626 213 οὐκ
646 174 740 213 εἴων
759 176 827 214 τὸν
847 175 968 225 ἄνδρα
985 175 1171 223 ἐμμένειν
1188 171 1247 220 οἷς
1262 175 1393 224 ἔκρινε
1407 203 1518 211 .....
1535 177 1553 196 ‘⁴
1584 171 1662 211 Ne-

116 251 192 292 que
201 236 433 277 contrarium
448 235 668 277 coniectura
683 233 833 275 efficere
844 234 1048 288 quisquam
1063 235 1203 288 poterit
1212 248 1262 274 ex
1277 234 1350 273 hac
1365 233 1531 283 novella,
1544 246 1661 286 quam

115 298 357 351 Nioephorus
385 297 433 336 de
461 296 701 335 monasteriis
728 296 988 351 promulgavit
1008 298 1056 348 ¹):
1097 298 1386 345 „Oeouc'gopcem
1416 294 1506 333 ὅσοι
1535 311 1659 344 μονα-

120 360 277 411 στήρια,
307 360 477 406 ξενῶνας
506 357 575 396 καί
600 364 856 409 γηρωκομεῖα
886 359 1077 396 συνιστᾶν
1095 359 1369 408 βουληθῶσιν,
1399 358 1562 396 ἐκείνων
1593 352 1661 395 οὖ-

117 438 180 461 τοι
209 420 571 468 ἐπιμελείσθωσαν,
606 420 688 458 τῶν
727 420 769 457 ἐκ
806 420 880 458 τοῦ
916 420 1065 458 πολλοῦ
1092 419 1243 469 χρόνον
1273 419 1545 469 γεγενημένων
1560 434 1567 441 ·
1604 424 1659 469 μή

118 481 268 533 α’γρούς
288 480 547 531 παρέχοντας,
577 480 603 531 ἢ
631 481 775 526 τόπους
804 479 829 530 ἢ
858 478 1070 529 οἰκοδομάς
1100 481 1329 525 ποιοῦντες·
1361 480 1476 518 ἱκανοὶ
1505 482 1582 531 γάρ
1611 483 1660 518 τοὶ

47 589 50 595 Ι
118 542 342 594 φθάσαντα·
359 541 549 591 γενέσθαι
566 555 574 563 ·
598 541 679 579 ἀλλ’
702 542 864 580 ἐκείνων
884 541 1226 589 ἐπιμελείςθωσαν
1246 542 1326 579 τῶν
1346 541 1517 591 ἔξαρχής
1543 557 1659 593 προς-

119 605 270 642 όντων.
290 631 323 639 ..
343 605 380 639 “.

246 660 357 709 Quae
386 660 626 700 difficultates
653 667 914 710 removentur,
943 661 996 710 si,
1023 659 1075 700 X.
1105 660 1298 699 saeculum
1329 666 1524 710 tenentes,
1558 662 1661 715 cogi-

119 733 244 763 tamus
274 722 323 760 de
360 723 443 774 ipso
472 720 626 760 Joanne
654 721 864 770 Tzimisce,
902 722 968 775 qui
997 735 1031 759 a.
1060 720 1153 761 969.
1181 720 1402 774 Nicephoro
1434 721 1586 760 Phoeae
1619 723 1661 760 in

118 786 279 836 imperio
306 782 486 821 successit
513 788 551 820 et
577 781 753 834 regnavit
779 795 900 834 usque
928 781 976 820 ad
1004 796 1038 822 a.
1059 781 1150 821 976.
1184 781 1236 820 Et
1262 781 1358 821 haec
1387 782 1542 835 quidem
1574 796 1660 822 mea

119 851 175 884 est
210 843 258 882 de
293 842 446 895 dialogo
480 842 689 892 sententia,
725 848 768 881 ut
795 841 984 881 Tzimisce
1011 841 1251 895 Imperatore
1287 856 1375 881 eum
1404 843 1546 882 factum
1579 857 1662 883 esse

118 917 306 944 censeam.
361 903 544 956 Inprimis
580 904 681 941 enim
719 916 779 942 res
818 902 998 952 bellicae,
1040 917 1135 955 quas
1171 903 1237 942 ille
1271 905 1383 943 etiam
1426 904 1661 957 praeclarius

119 965 340 1017 Nicephora
368 971 501 1003 contra
528 962 665 1003 Persas
693 964 822 1016 gessit,
851 977 925 1013 me,
953 971 996 1002 ut
1022 964 1074 1002 ita
1101 963 1323 1012 iudicarem,
1353 972 1659 1004 commoverunt.

113 1025 298 1078 Namque
327 1024 534 1064 Tzimisces
569 1024 784 1078 penetravit
821 1025 860 1062 in
897 1024 1116 1063 interiorem
1151 1024 1312 1074 Asiam,
1351 1026 1452 1079 cepit
1479 1025 1659 1074 Nisibim,

118 1088 254 1126 urbem
283 1087 322 1125 in
351 1086 629 1139 Mesopotamia
656 1098 734 1124 non
762 1084 896 1137 procul
924 1099 947 1122 a
976 1084 1086 1136 Tigri
1115 1085 1276 1124 flumine
1302 1086 1433 1133 sitam,
1473 1093 1511 1125 et
1545 1100 1659 1139 expe—

119 1147 302 1187 ditionem
340 1152 473 1187 contra
510 1145 706 1185 Ecbatana
744 1145 949 1184 meditatus
989 1151 1045 1184 est
1062 1146 1109 1192 ²).
1172 1139 1260 1186 Sie‘
1279 1153 1454 1199 paratam
1491 1147 1659 1200 gloriam

118 1208 245 1258 auxit,
280 1221 399 1260 quum
428 1207 476 1247 de
502 1206 636 1247 Russis
663 1206 941 1259 triumpharet,
977 1206 1043 1259 qui
1080 1206 1235 1259 quidem
1271 1221 1295 1246 a
1321 1206 1456 1247 Leone
1481 1207 1661 1248 Diacono

117 1269 169 1308 H.
198 1268 248 1309 V.
281 1271 301 1308 l
335 1262 621 1319 Ταυροσκύθαι
651 1274 689 1307 et
715 1266 790 1305 IX.
819 1269 867 1306 11
897 1268 968 1306 sub
998 1267 1115 1306 finem
1143 1268 1370 1321 simpliciter
1397 1270 1559 1308 Σκύθαι
1593 1282 1659 1308 vo-

121 1335 270 1371 cantur.
316 1328 456 1383 Neque
482 1329 558 1368 iam
587 1329 639 1368 ita
666 1326 779 1367 valde
805 1327 1099 1381 explicationem
1129 1328 1330 1378 desiderat,
1360 1329 1464 1382 quod
1493 1329 1660 1383 scriptor

118 1390 392 1444 Philopatridis
430 1404 612 1443 magnam
645 1403 752 1443 spem
780 1391 820 1428 in
858 1389 1119 1428 munificentia
1157 1391 1454 1442 αὐτοκράτορος
1482 1391 1657 1441 collocat,

117 1459 156 1491 et
182 1452 330 1490 facilius
357 1451 606 1503 intelligitur,
643 1449 747 1488 unde
773 1456 879 1489 ortae
904 1451 982 1488 sint
1008 1450 1240 1498 anxietates,
1279 1456 1437 1503 propter
1465 1465 1560 1503 quas
1590 1465 1658 1489 au—

118 1518 199 1552 ctor
226 1512 309 1551 sine
336 1511 416 1551 ulla
442 1511 680 1550 humanitate
718 1511 925 1550 monachos
957 1511 1081 1563 carpit
1108 1524 1152 1549 ac
1179 1511 1416 1564 perstringit.
1472 1511 1585 1550 Prius
1615 1512 1660 1551 il-

119 1574 303 1612 lustratur
329 1572 401 1610 hac
428 1579 518 1610 nota
546 1571 592 1610 L.
620 1571 784 1611 Diaconi
799 1574 849 1617 ³):
895 1600 913 1620 ‚‚
931 1601 940 1609 .
958 1601 966 1609 .
984 1573 1289 1621 ,μεγαλόδωρός
1317 1588 1360 1610 τε
1389 1573 1457 1611 καί
1486 1576 1659 1624 φιλοδω-

117 1634 288 1686 ρότατος
307 1633 415 1683 παρὰ
436 1632 586 1677 πάντας
605 1629 655 1682 ἦν
669 1662 677 1670 .
710 1631 838 1676 ου’δείς
857 1632 932 1681 γάρ
954 1631 1075 1669 αὐτόν
1095 1633 1361 1682 αἰτησάμενος
1387 1635 1469 1671 τῶν
1489 1634 1659 1673 ἐλπίδων

116 1694 228 1739 κενὸς
248 1693 514 1744 ἀπηλλάττετο
530 1722 538 1729 .
565 1693 665 1730 πᾶσι
687 1693 731 1731 δὲ
750 1693 991 1743 φιλαγάθως
1010 1692 1240 1743 καίἱλαρῶς
1262 1694 1658 1745 ἐφιλανθρωπεύετο,

121 1756 377 1807 προφητικῶς
404 1754 447 1792 ‘co'
478 1753 603 1792 ἕλειον
635 1753 705 1804 τῆς
734 1753 899 1799 εὖποϊας
926 1754 1102 1803 κιχρῶν.
1143 1754 1212 1792 καί
1239 1755 1276 1792 εἰ
1302 1755 1357 1805 μή
1387 1756 1609 1802 Βασίλειος
1635 1756 1657 1795 ὅ

115 1816 475 1867 παρακοιμῶμενος
500 1815 621 1852 αὐτὸν
642 1815 778 1863 ἐπεῖχε
799 1816 869 1864 τῆς
889 1814 1095 1864 α’πλήστου
1123 1815 1214 1864 περὶ
1240 1815 1284 1852 τό
1315 1816 1537 1865 εὐεργετεῖν
1565 1818 1658 1862 τούς

117 1876 349 1928 ὁμοφύλους
369 1876 504 1927 ῥοπῆς,
534 1873 607 1914 κᾶν
624 1874 719 1920 τούς
738 1874 977 1922 βασιλικούς
995 1875 1233 1926 θησαυρούς
1246 1876 1310 1921 εἰς
1328 1876 1401 1927 τήν
1420 1878 1501 1915 τῶν
1520 1877 1658 1924 δεομέ-

117 1952 195 1976 νων
213 1936 404 1987 διανομήν
420 1938 569 1974 θᾶττον
590 1935 918 1987 συνεξεφόρησεν.
956 1934 1072 1982 Quod
1093 1942 1226 1974 contra
1245 1935 1362 1975 fiebat
1379 1950 1402 1975 a
1421 1936 1655 1990 Nicephoro,

116 1998 176 2036 cui
204 1997 347 2036 eximia
374 1997 608 2049 parsimonia
627 1996 777 2035 crimini
805 1996 979 2036 dabatur.
1020 1996 1199 2035 Alterum
1228 1997 1327 2036 inter
1355 2004 1561 2050 utrumque
1580 1998 1658 2037 Im-

115 2065 333 2111 peratorem
363 2057 567 2096 discrimen
597 2057 820 2108 ostenditur,
849 2058 882 2095 si
909 2057 1134 2110 respicimus
1163 2057 1211 2095 ad
1241 2057 1481 2109 religionem.
1519 2057 1573 2098 Ut
1588 2058 1654 2096 Ni-

115 2120 303 2173 cephorus
338 2124 418 2158 toto
453 2124 610 2171 pectore
648 2117 862 2157 doctrinam
899 2117 1081 2156 ecclesiae
1116 2117 1329 2157 imbibebat
1360 2119 1518 2170 eiusque
1548 2132 1656 2171 prae-

114 2186 223 2233 cepta
261 2179 439 2233 religiose
475 2178 726 2231 sequebatur,
774 2179 826 2217 ita
864 2176 1093 2227 Tzimisces‚
1134 2179 1193 2217 vir
1234 2179 1412 2218 liberiore
1454 2178 1654 2217 voluntate

114 2246 152 2280 et
181 2253 318 2293 aspera
359 2238 491 2280 indole
508 2243 540 2286 ⁴)
579 2238 833 2288 Paulinianis,
882 2252 982 2291 quae
1017 2245 1120 2278 secta
1154 2240 1202 2278 ab
1249 2239 1407 2278 ecclesia
1443 2239 1649 2287 defecerat,

171 2496 198 2537 ¹)
221 2495 271 2528 Cf.
294 2496 333 2528 L.
356 2495 451 2528 Diac.
473 2505 507 2536 p.
530 2494 594 2530 309
617 2494 653 2528 ff.
675 2494 818 2528 Novella
840 2497 865 2528 1.

171 2546 198 2589 ²)
221 2545 271 2578 Cf.
295 2545 335 2580 L.
357 2545 452 2582 Diae.
474 2545 516 2579 H.
537 2545 581 2578 X.
604 2544 690 2591 1ss2
712 2549 747 2578 et
768 2544 843 2579 Gib.
868 2544 921 2580 13.
946 2544 1007 2578 Th.
1028 2553 1079 2585 cp.
1102 2544 1173 2577 L11.
1197 2554 1230 2586 p.
1257 2543 1319 2579 132
1343 2553 1416 2577 cum
1439 2549 1529 2577 nota.

168 2597 196 2638 ⁸)
221 2596 271 2630 Cf.
294 2599 333 2630 L.
356 2596 451 2629 Diac.
475 2595 532 2629 VI.
556 2595 608 2629 30.

166 2648 196 2689 ⁴)
219 2647 269 2680 Cf.
289 2647 330 2687 L.
352 2647 448 2680 Diae.
473 2646 516 2679 H.
539 2646 599 2679 VI.
630 2645 745 2688 318ub
774 2645 848 2679 fin.:
898 2644 1098 2689 »ἐλάττωμα
1131 2645 1169 2677 δὲ
1200 2642 1336 2687 Ἰωάννῃ
1369 2646 1472 2678 τοῦτο
1506 2647 1653 2689 προσῆν,

226 2695 276 2732 ὅτι
301 2708 335 2731 τε
358 2699 438 2740 περὶ
462 2695 590 2737 πότους
613 2697 708 2730 ἔστιν
732 2694 786 2730 ὅτε
810 2696 907 2738 παρὰ
930 2696 970 2730 τὸ
995 2696 1168 2739 προσῆκον
1198 2694 1364 2737 ἐκώμαζε,
1399 2700 1455 2728 καὶ
1490 2701 1570 2739 περὶ
1594 2699 1656 2732 τὰς

219 2749 280 2782 τοῦ
304 2747 462 2790 σώματος
485 2746 610 2787 ἡδονὰς
631 2746 841 2788 διεπτόητοῑί.
