1800 2981
699 132 959 173 -11-

75 243 116 283 δέ
130 241 172 280 τέ
185 255 255 288 μιν
270 239 507 278 καλέουσιν(
519 242 559 287 ¹).
579 238 777 280 Historiae·
785 242 884 280 enim
900 240 976 279 fide
990 240 1279 294 comprobatum
1299 245 1366 290 est,
1383 238 1493 278 tertio
1508 245 1595 292 post

74 303 265 345 Christum
286 308 419 340 natum
437 302 591 340 saeculo
619 316 652 340 a.
673 301 762 342 2692
788 302 934 355 aliquot
952 302 1066 342 duces
1096 316 1225 341 earum
1254 302 1424 350 navium,
1455 302 1593 353 quibus

75 361 217 412 Gothi,
235 360 283 401 ex'
311 359 437 402 Ponto
465 361 619 400 Euxino
648 362 827 415 profecti,
855 369 937 400 tum
966 361 1145 416 Europae
1172 364 1366 417 Asiaeque
1392 363 1504 401 litora
1532 362 1594 400 de-

74 418 283 473 instabant,
299 422 470 471 rdissidio
496 423 537 462 in
564 423 683 463 classe
710 430 857 474 exorto,
885 438 1038 464 cursum
1065 426 1229 465 tenuisse
1256 424 1303 464 ad
1331 425 1473 464 insulas
1503 423 1594 463 Cre-

72 495 160 527 tam*
185 491 223 525 et
248 484 429 524 thdnm
445 488 497 532 ²)t
546 485 698 536 Πρόσω
737 487 780 525 δὲ
807 488 886 525 τῶν
915 488 1088 525 Σκυθῶν
1116 488 1365 533 ἐλασοέντων,
1406 488 1473 525 καί
1505 488 1594 525 Ρω-

70 548 200 600 uultui!
230 546 368 594 αΰτοῖς
397 547 789 595 ἐπακολουθούντων,
815 547 856 586 ὀἱ
882 549 1041 599 Κρήτηὺ
1071 550 1136 587 καί
1158 549 1281 588 Ρόδον
1309 549 1594 600 περιπλεύσαν-

73 626 133 657 τες
159 610 359 660 βάρβαροι
390 609 602 658 πράξαντες
631 609 745 647 οὐδὲν
776 609 1013 660 ἀφηγήσεως
1042 610 1151 657 ἄξιον
1181 610 1480 661 ἀνεχώρησαν.“
1520 608 1594 647 Ne-

76 664 148 725 q³ue
175 670 327 709 'o'bstan't
352 669 488 709 verba:
520 671 758 722 ᾖπράξαντες
787 670 903 709 οὐδὲν
922 694 971 699 -
986 675 1019 720 ξ’,
1050 671 1152 723 quod
1173 670 1252 709 veri
1270 670 1506 710 simillimum
1526 675 1593 720 est,

73 733 252 773 barbaros
303 729 468 784 praedae
509 731 666 784 cupidos
707 732 756 770 in‘
785 731 896 771 litora
931 733 1065 771 saltem
1103 732 1256 771 caedem
1293 738 1331 771 et
1370 731 1594 780 devastatio-

72 807 157 834 nem
179 792 387 841 intulisse3
438 794 636 843 „uvpz‘offl
656 794 688 839 ³)
724 798 850 832 autem
886 793 987 833 idem
1025 793 1185 841 indicat,
1234 793 1337 846 quod
1379 794 1418 832 in
1461 793 1594 845 lingua

71 852 205 896 latina:
237 853 470 903 „Saxo-enti&
525 851 652 894 Mores
680 863 796 907 p'orro
826 855 1039 905 Aureliani,
1069 856 1173 895 tenui
1201 855 1285 906 1090
1314 855 1408 903 orti,
1439 867 1516 893 non
1543 853 1593 891 ila

71 915 203 956 diversi
234 921 343 953 erant
370 916 418 954 ab
447 917 521 964 eis,
552 916 616 968 qui
648 916 938 968 αὐτοκράτορος
966 916 1067 955 illius
1096 916 1236 955 fuerint
1263 919 1432 969 oportet:
1465 915 1594 954 rustici

71 987 206 1031 nempe
233 982 270 1016 et
296 977 438 1030 asperi3
476 983 608 1031 atque,
648 978 850 1031 quominus
885 979 915 1017 is
944 979 1161 1032 Imperator
1187 992 1220 1019 a.
1250 979 1340 1019 275.
1369 976 1593 1016 christianos

72 1040 107 1078 vi
134 1038 297 1091 opprimi
327 1034 494 1088 iuberet,
523 1039 648 1077 subita
677 1046 823 1078 tantum
852 1047 974 1079 morte
1001 1040 1205 1092 impeditus
1234 1046 1290 1078 est
1306 1040 1352 1090 ⁴).
1407 1038 1490 1077 Nec
1517 1052 1594 1076 ma-

71 1100 146 1153 gis,
186 1113 300 1151 quam
337 1113 461 1139 mores
491 1100 714 1150 Aureliani,
754 1108 884 1140 eontra
912 1101 1132 1141 Laerosium
1174 1107 1320 1157 pugnat
1347 1107 1488 1149 status,
1528 1098 1593 1151 qui

72 1168 147 1200 tum
176 1166 256 1199 erat
284 1166 320 1199 et
348 1161 579 1213 religionum
607 1168 644 1200 et
668 1162 874 1201 literarum.
918 1164 1075 1211 Annon,
1104 1163 1284 1214 quoniam
1313 1169 1475 1213 utraque
1493 1166 1594 1200 secta

72 1222 206 1261 derisui
235 1221 418 1271 habetur,
460 1222 633 1275 dialogus
662 1223 812 1263 videtur
839 1230 917 1263 tum
952 1226 1181 1277 compositus
1211 1237 1310 1273 esse,
1350 1237 1468 1276 quum
1506 1228 1594 1260 ante

73 1283 310 1322 Constantini
348 1282 481 1335 Magni
519 1289 678 1323 aetatem
718 1299 816 1323 nova
853 1285 987 1337 religio
1030 1300 1115 1324 cum
1142 1286 1312 1337 *antiqua
1349 1281 1592 1322 luctabatur?

72 1345 131 1381 An
170 1343 359 1382 scribendi
396 1344 511 1393 ratio,
553 1358 650 1397 quae
681 1345 722 1383 in
749 1344 1012 1398 Philopatride
1038 1346 1252 1394 invenitur,
1292 1346 1345 1385 eis
1373 1344 1497 1383 aliena
1525 1349 1593 1391 est,

74 1419 167 1457 quae
185 1404 233 1444 de
251 1406 428 1458 sophistis
446 1406 603 1445 secundi
622 1414 659 1447 et
677 1408 776 1446 tertii
796 1423 832 1460 p.
853 1407 925 1447 Ch.
955 1422 993 1446 n.
1022 1407 1162 1447 saeculi
1181 1406 1424 1459 Bernhardy,
1452 1405 1512 1444 vir
1529 1404 1595 1443 ille

73 1466 337 1518 amplissimUS,
365 1467 544 1506 disseruit
560 1472 605 1514 ⁵).
663 1468 1023 1520 „Auyenblicklieke
1054 1467 1228 1515 Themen,
1256 1466 1424 1505 mockten
1450 1468 1487 1504 si
1512 1478 1594 1503 mm

74 1526 353 1580 Gemeinpliz'tze
380 1530 477 1575 sein,
516 1529 606 1568 oder
632 1529 889 1569 Schaustv‘bcke
922 1531 985 1569 des
1023 1530 1186 1569 Wissens
1214 1530 1296 1568 und
1321 1529 1491 1568 seltsame
1518 1526 1593 1565 Pa-

72 1588 237 1635 radooea,
277 1590 433 1628 wurden
470 1593 538 1628 mit
572 1593 798 1643 yespreizter
824 1591 980 1630 Diotion
1013 1591 1096 1629 und
1121 1591 1309 1643 pilcanten
1345 1589 1594 1641 Wendwnyen

72 1649 265 1702 anmuthiq
294 1650 527 1691 behandelt‘st
584 1651 720 1705 Itaque
747 1652 915 1692 Lacrosii
944 1654 1169 1692 sententiam
1199 1651 1426 1705 quibusdam
1456 1651 1594 1703 praesi-

71 1709 152 1748 diis.
172 1711 329 1750 minime
365 1712 512 1752 levibus
540 1713 665 1752 fulciri
692 1727 804 1767 posse
835 1714 966 1766 liquet.
1024 1714 1167 1753 Eadem
1198 1713 1384 1752 claudicat
1412 1726 1489 1751 non
1518 1725 1593 1750 una

70 1784 116 1810 ex
142 1779 260 1823 parte.
314 1772 405 1812 Jam
439 1774 539 1812 enim
568 1774 739 1827 Scythae
755 1776 805 1827 ⁶),
834 1789 928 1827 quos
960 1774 1159 1813 Lacrosius
1190 1774 1339 1814 Gothos
1374 1787 1455 1813 csse
1482 1773 1592 1811 inter-

70 1838 244 1882 pretatur,
274 1833 393 1872 Dacia
422 1841 576 1887 accepta
603 1835 733 1882 firmas
761 1836 933 1888 fixasque.
962 1836 1070 1876 sedes
1100 1837 1335 1876 obtinebant.
1377 1834 1479 1873 Tum
1507 1833 1593 1872 finis

67 1883 194 1944 ea'pitis
222 1896 258 1934 2.
288 1901 325 1934 et
350 1897 500 1935 initium
526 1897 657 1949 capitis
687 1897 724 1935 3.
753 1897 902 1947 docent,
932 1911 1084 1937 scenam
1104 1898 1246 1950 dialogi
1265 1897 1380 1936 fuisse
1401 1896 1592 1949 Byzantii,

69 1967 162 2004 quae
189 1961 315 1995 tamen
347 1958 436 1997 urbs
465 1965 553 1998 ante
582 1958 630 2001 C.
654 1958 708 1997 M.
738 1972 862 2012 neque
891 1959 1027 1998 artium
1056 1959 1330 2012 literarumque
1358 1957 1591 1997 domicilium

68 2028 187 2067 neque
213 2019 369 2058 omnino
398 2020 557 2060 celebris
585 2028 681 2060 erat.
725 2020 876 2059 Deinde
905 2022 1041 2059 verba:
1074 2024 1251 2069 »πνεῦμα
1281 2023 1324 2059 ἐκ
1355 2020 1501 2070 πατρὸς
1530 2021 1592 2057 ὲκ-

66 2078 355 2126 πορευυῇιιενονα
379 2084 407 2127 ⁷)
450 2087 587 2120 certam
632 2081 749 2131 mihi,
798 2096 895 2134 quae
943 2083 980 2120 in
1024 2096 1132 2121 usum
1175 2082 1341 2130 abierat,
1389 2081 1589 2120 formulam

66 2136 210 2178 efficere
248 2141 448 2191 videntur,
497 2157 595 2196 quae
631 2158 731 2183 anno
771 2143 921 2183 demum
963 2146 1051 2185 381.
1090 2159 1125 2198 p.
1165 2144 1236 2183 Oh.
1273 2158 1309 2184 n.
1347 2145 1394 2181 ab
1437 2142 1593 2182 ecclesia

66 2198 264 2239 christiana
291 2204 492 2242 constituta
531 2211 588 2243 est
605 2204 649 2250 8).
705 2204 841 2257 Capite
868 2206 985 2257 igitur
1013 2205 1167 2245 XXVI.
1198 2205 1463 2257 disputationis
1493 2202 1590 2243 Ges·

115 2386 139 2427 ¹)
164 2387 213 2419 Cf.
236 2388 333 2421 Hom.
358 2389 417 2422 Od.
443 2390 473 2421 A
495 2389 547 2424 50.

117 2437 139 2475 ²)
163 2437 212 2472 Cf.
237 2438 310 2472 Gib.
336 2439 356 2473 l.
382 2451 408 2473 c.
431 2450 464 2482 p.
490 2440 564 2482 226,
588 2441 650 2475 227
673 2445 707 2474 et
730 2442 854 2475 Zosimi
876 2443 954 2475 hist.
979 2444 1003 2477 Ι.
1028 2446 1078 2477 46,

114 2488 142 2525 ³)
163 2489 280 2531 μύριοι
297 2506 335 2519 =
352 2492 479 2532 10,000.
545 2485 553 2494 Ι
577 2523 580 2525 Α

112 2538 139 2577 ⁴)
169 2540 452 2585 Universalyesch.
478 2543 538 2576 der
560 2543 688 2577 christl.
713 2544 841 2578 Kirche
863 2556 925 2578 von
949 2547 1027 2580 Joh.
1053 2548 1166 2589 Alzoq.
1199 2552 1228 2580 1.
1253 2548 1353 2581 Abth.
1376 2558 1410 2588 p.
1435 2550 1510 2580 129.

117 2590 139 2629 ⁵)
160 2591 396 2636 Bernhardy's
421 2594 555 2627 Griech.
578 2595 669 2637 Litq.
695 2600 724 2628 1.
753 2597 815 2630 Th.
834 2608 872 2639 p.
898 2600 965 2630 567
986 2600 1021 2639 ff.

114 2642 139 2676 ⁸)
164 2642 212 2674 Cf.
236 2644 269 2675 in
292 2645 523 2686 Philopatride
548 2655 619 2687 cap.
644 2648 697 2679 29.

117 2691 137 2730 ⁷)
158 2691 238 2726 Rem
261 2695 309 2728 sic
331 2705 367 2729 se
389 2697 529 2738 habere,
560 2694 625 2730 iam
649 2706 743 2741 sacra
767 2699 893 2740 scripta
916 2700 1034 2732 docent
1056 2699 1099 2733 cf.
1126 2709 1244 2741 evang.
1267 2700 1419 2733 Joamlis.
1444 2701 1514 2733 XV.
1538 2701 1588 2735 26.

111 2743 137 2782 ⁵¹)
161 2743 210 2775 Cf.
236 2746 341 2787 Alzog
371 2748 392 2779 l.
415 2759 443 2782 c,
467 2759 499 2789 p.
524 2748 602 2781 468:
645 2750 736 2789 „Die
764 2751 901 2783 lctztern
924 2751 1124 2791 (Griechen)
1156 2763 1271 2785 waren
1294 2753 1346 2784 bei
1368 2753 1428 2784 der
1450 2754 1589 2785 Bestim-

160 2805 260 2839 munq
282 2799 339 2831 des
359 2801 497 2832 zweiten
520 2800 773 2834 okumenischen
799 2801 932 2835 Concils
952 2812 996 2834 zu
1021 2802 1060 2835 Gt
1095 2805 1211 2843 (1381),·
1244 2802 1324 2842 „der
1345 2802 1376 2835 h.
1393 2803 1489 2836 θεὼ-ε
1509 2805 1589 2846 yehc

162 2856 232 2880 vom
261 2850 362 2884 Vater
385 2852 483 2893 aus“‚
507 2851 538 2885 d.
562 2854 586 2884 ι’.
609 2863 674 2886 aus
696 2852 768 2887 dem
797 2853 916 2887 Wesen
939 2854 997 2888 des
1025 2854 1163 2896 Vaters,
1186 2855 1300 2888 stenen
1319 2855 1499 2897 yeblieben.
