1800 2981
133 195 205 236 sibi
235 203 489 249 persuaserat,
526 211 558 236 c.
592 198 616 238 9
654 196 823 237 fabulam
862 196 909 236 de
937 196 978 239 S.
1011 195 1176 247 Ursula,
1215 196 1488 251 virginumque
1524 201 1679 252 agmine

135 259 333 311 scriptoris
370 260 500 299 animo
538 273 620 299 csse
647 260 909 299 obversatam:
950 259 1052 298 unde
1083 259 1291 312 colligebat
1316 273 1405 299 eum
1435 268 1524 300 ante
1551 274 1678 301 saecu-

133 333 220 361 cum
250 320 348 360 XII.
389 335 466 361 non
504 321 705 361 exstitisse.
761 319 917 360 Etenim
955 319 1016 360 vel
1052 321 1223 361 maximo
1255 321 1418 375 pignore
1446 322 1679 364 contendere

134 383 259 421 ausim
290 384 459 423 fabulam
490 384 601 421 istam
630 398 680 422 ne
708 383 918 422 innotuisse
946 382 1102 435 quidem
1132 381 1304 423 Graecis.
1346 383 1501 433 Hasius,
1528 397 1680 438 semper

136 457 223 482 cum
253 444 410 483 honoris
441 444 676 497 praefatione
697 443 967 493 nominandus,
996 443 1055 483 de·
1065 443 1288 483 Timarione
1310 444 1511 494 disserens,
1538 444 1580 483 id
1598 451 1678 483 tan-

136 511 219 544 tum
262 505 552 558 pronunciavit,
597 505 839 558 Philopatrin
881 518 1036 558 quoque
1070 505 1255 557 scriptum
1291 518 1374 545 esse
1408 505 1535 546 medio
1572 519 1677 547 aevo.

137 565 350 618 Quodflbi
379 566 570 618 legebam,
605 567 726 605 movit
753 579 817 606 me
844 567 1019 619 protinus
1047 579 1197 606 summa
1224 565 1296 604 viri
1324 567 1364 605 in
1392 567 1570 605 universa
1596 568 1677 619 phi-

136 626 293 680 lologia,
324 627 363 666 in
384 627 612 681 Byzantinis
640 633 769 667 autem
796 628 912 668 rebus
940 627 1054 668 unica
1080 627 1297 676 auctoritas,
1326 633 1369 668 ut
1396 627 1569 667 libellum
1588 633 1679 668 tunc

136 688 291 727 demum
330 696 505 728 accurate
540 689 794 742 inspicerem3
832 703 909 741 quo
945 689 1045 729 facto
1079 701 1175 728 >mox
1213 688 1467 729 animadverti
1496 690 1677 743 scriptum

135 762 218 789 esse
243 750 458 803 imperante
486 748 708 804 Nicephoro
734 750 877 800 Phoca‚
905 749 1022 804 paulo
1050 755 1139 790 ante
1166 750 1247 790 eius
1275 762 1407 789 necem
1437 765 1471 790 a.
1505 749 1583 791 968
1610 751 1671 791 vel

135 812 226 852 969.
281 811 387 850 Hinc
422 818 479 851 est
515 812 619 863 quod
657 812 813 851 immani
849 810 1016 864 quodam
1053 817 1092 851 et
1129 811 1288 851 efferato
1315 811 1459 864 gaudio
1487 812 1538 851 de
1563 812 1678 864 virgi-

137 886 228 911 num
259 872 376 912 caede
412 873 451 912 in
483 872 601 912 Creta
627 872 752 911 insula
779 872 943 911 laetatur
971 877 1024 919 (c.
1053 872 1120 922 9),
1158 872 1248 921 ubi,
1287 886 1401 925 quam
1431 873 1610 911 atrociter
1637 873 1675 911 in

136 934 315 973 mulieres
339 934 584 986 infantesque
611 934 795 972 saevitum
825 934 884 983 sit,
913 947 963 972 ex
985 932 1205 973 Theodosio
1234 947 1465 985 cognoscere
1492 934 1582 973 licet
1609 934 1677 982 (V.

137 995 188 1036 85
215 999 344 1048 sqq.):
379 1018 422 1024 -
455 1002 494 1034 et
523 995 699 1043 nuncius,
730 1008 845 1046 quem
875 994 1056 1034 Cleolaus
1085 994 1218 1043 affert,
1249 994 1298 1033 de
1325 995 1491 1034 victoriis
1519 995 1678 1047 impera-

137 1056 229 1095 toris
249 1055 423 1108 Syriacis
452 1055 697 1107 accipiendus
726 1062 804 1095 est:
839 1079 882 1084 —-
913 1068 1000 1108 spes
1019 1055 1175 1108 quidem
1206 1062 1396 1108 concepta
1418 1055 1473 1101 de,
1494 1054 1678 1108 capienda

137 1116 342 1163 Babylone
371 1116 594 1169 (Bagdado)
623 1123 660 1155 et
690 1116 738 1155 de
766 1116 941 1169 Aegypti
970 1116 1217 1168 Arabiaeque
1248 1117 1451 1165 servitute,
1487 1116 1574 1155 licet
1610 1117 1678 1155 im-

137 1177 311 1227 modica,
349 1178 465 1217 stulta
494 1184 622 1217 tamen
652 1191 730 1217 non
759 1183 858 1217 erat:
888 1177 1079 1230 Scythae,
1120 1191 1283 1230 quorum
1312 1178 1549 1217 incursiones
1577 1177 1677 1216 finiri

137 1252 250 1292 posse
278 1239 344 1277 vix
372 1239 517 1278 audent
543 1251 700 1292 sperare
727 1238 842 1277 iidem
869 1238 940 1288 illi,
971 1239 1035 1291 qui
1065 1238 1112 1277 de
1132 1238 1227 1277 Asia
1257 1238 1448 1278 domanda
1475 1239 1678 1287 somniant,

138 1299 301 1353 Bulgari
329 1306 440 1339 sunt:
472 1300 639 1354 denique
666 1300 834 1341 seditiosi
863 1306 1005 1351 coetus,
1033 1301 1285 1353 ingrataeque
1304 1300 1520 1340 molitiones
1547 1299 1679 1339 adver-

138 1376 202 1400 sus
232 1362 418 1401 victorem
448 1362 696 1415 Augustum,
732 1362 792 1401 cui
831 1361 951 1401 libelli
987 1362 1151 1415 scriptor
1176 1375 1217 1401 se
1244 1362 1514 1401 commendare
1540 1361 1676 1409 studet,

138 1430 175 1463 et
204 1437 356 1463 moeror
375 1437 493 1477 prave
520 1424 789 1478 religiosorum
819 1423 867 1463 de
895 1423 1049 1477 publica
1075 1423 1212 1476 gloria,
1241 1424 1448 1463 turbabant
1474 1423 1676 1478 imperium

140 1484 371 1537 Nicephori‚
409 1485 531 1525 donec
569 1498 656 1524 eum
695 1492 922 1526 everterent.
952 1508 1002 1513 —
1032 1483 1142 1532 Quae
1177 1486 1306 1524 omnia
1334 1479 1678 1538 Hasiumquoque

141 1545 294 1594 vidisse,
324 1545 510 1596 intellexi,
541 1560 659 1599 quum
689 1553 777 1586 ante
805 1559 948 1585 annum
970 1546 1043 1584 viri
1061 1546 1208 1599 egregii
1229 1541 1675 1585 sermonibus'fruebarss

132 1613 134 1615 ’
266 1607 399 1659 Atque
428 1621 567 1662 operae
596 1608 760 1661 pretium
791 1614 858 1657 est,
887 1607 935 1646 ad
963 1608 1088 1660 ipsum
1116 1607 1273 1656 fontem,
1303 1607 1405 1647 unde
1430 1607 1677 1655 Niebuhr-ius,

141 1669 199 1706 vir
227 1668 505 1721 amplissimus,
542 1669 690 1718 hausit,
730 1669 776 1707 ad
808 1668 1068 1708 Theodosium
1097 1669 1296 1718 accedere,
1333 1669 1396 1722 qui
1425 1669 1497 1708 fuit
1524 1668 1575 1709 X.
1603 1676 1679 1707 'sae-

139 1730 226 1769 culo
264 1735 301 1768 et
339 1730 512 1783 quinque
539 1730 730 1769 Acroases
770 1730 985 1784 composuit
1025 1730 1073 1770 de
1101 1730 1217 1770 Creta
1255 1745 1276 1769 a
1314 1729 1535 1784 Nicephoro
1555 1729 1680 1777 ’188-

140 1789 286 1831 racenis
318 1798 461 1844 erepta.
506 1791 620 1840 Quod
649 1806 803 1832 carmen
833 1792 1053 1842 iambicum,
1083 1806 1133 1831 ne
1160 1792 1253 1845 quid
1281 1792 1469 1845 gravioris
1497 1791 1678 1831 momenti

140 1854 312 1891 omittam
329 1856 362 1899 ²)
392 1852 549 1893 exhibet
576 1853 688 1893 haec:
719 1854 782 1904 (cf.
813 1854 1023 1903 Ἀκροασις
1051 1854 1125 1894 A‘v
1148 1855 1358 1894 110—133
1388 1854 1426 1892 in
1455 1853 1514 1894 ed.
1538 1853 1679 1893 Leonis

399 2002 504 2040 Ἐπεὶ
532 2002 575 2041 δὲ
603 2002 724 2048 natvm
754 1999 857 2053 ἦσαν
887 2003 1181 2054 ἀντίθηρίων,

325 2093 328 2110 ,
398 2065 555 2103 ἐκεῖθεν
583 2063 698 2102 ἔνθεν
729 2065 919 2112 λοιμικῶς
950 2063 1195 2114 ἤπλωμένοι,

399 2122 446 2175 ἦν
474 2126 625 2176 θρῆνον
655 2126 812 2176 οἰκτρὸν
841 2124 911 2164 καί
937 2124 1073 2176 φυγήν
1101 2123 1261 2173 βλέπειν
1290 2124 1401 2170 τότε,

400 2186 467 2224 καί
495 2187 639 2234 θαῦμα
670 2187 810 2236 πικρὸν
840 2186 1054 2236 συμφοράς
1082 2186 1278 2231 ἐναντίας.

400 2247 528 2286 ἔκειτο
559 2248 628 2287 καί
654 2247 731 2298 γάρ
761 2249 914 2298 πλῆθος
945 2245 1000 2294 εἴς
1028 2248 1136 2286 κόνιν
1164 2247 1262 2294 μίαν

402 2310 578 2359 ἀνδρῶν,
607 2312 811 2360 γυναικῶν
839 2310 1045 2359 δυςτυχαῖς
1074 2307 1350 2359 ἐσφαγμένων.

401 2373 488 2410 ἐκεῖ
512 2371 560 2409 τά
590 2371 709 2410 τέκνα
739 2371 834 2421 πρὸς
865 2369 1025 2420 σφαγήν
1053 2370 1270 2421 ἠπειγμένα

250 2605 293 2636 tis
326 2604 499 2636 ecclesiam
532 2609 699 2636 certamen
729 2606 880 2635 exortum
912 2608 961 2634 est
995 2603 1036 2635 de
1065 2602 1307 2635 additamento:
1340 2602 1524 2641 „filioque“‚
1555 2606 1589 2631 et
1615 2604 1681 2630 tum

249 2655 481 2696 quaerebatur,
505 2664 582 2687 num
606 2654 751 2695 Spiritus
777 2654 808 2686 S.
831 2663 850 2685 a
872 2652 981 2694 patrio
1002 2654 1198 2694 filioque
1220 2652 1490 2694 processisset-
1511 2651 1553 2683 cf.
1577 2649 1681 2685 Alzog

253 2706 274 2738 l.
300 2717 324 2738 c.
352 2717 385 2747 p.
411 2706 475 2740 468
497 2705 530 2738 ff.

206 2760 225 2799 ι)
248 2758 425 2798 Regnabat
447 2767 477 2789 a.
501 2755 685 2789 963—969.

201 2810 229 2850 ²)
253 2808 459 2842 Niebuhrius
482 2817 548 2841 non
570 2807 680 2841 omnia
703 2806 841 2841 notavit.
