1800 2981
770 83 1026 122 ..18-

126 187 294 237 diceret,
334 202 377 226 se
404 203 427 227 a
456 186 685 237 „Galilaeffl
715 188 857 228 Jovem
887 189 1059 240 aliosque
1088 188 1179 227 deos
1207 188 1315 240 parvi
1343 188 1543 227 aestimare
1571 187 1666 225 didi-

125 248 232 287 cisse.
277 247 393 296 Quod
422 262 542 302 quum
571 262 649 288 non
678 250 731 288 ita
757 250 819 299 sit,
848 251 1144 302 interpretemur
1172 261 1327 288 necesse
1352 255 1422 297 est,
1453 248 1665 301 Triephon—

130 316 206 349 tem
247 310 383 349 fecisse
419 324 533 350 suum
570 310 688 363 ipsius
726 311 775 351 de
800 311 872 350 diis
907 310 1091 350 iudicium
1119 318 1158 349 et
1173 311 1325 363 'apertis
1351 316 1556 362 utramque
1581 309 1666 348 reli-

125 371 285 422 gionem
314 371 475 410 maculis
503 371 747 424 adspersisse.
790 371 929 423 Neque
952 373 1076 423 magis
1093 370 1358 424 intelligimus,
1386 383 1474 409 eum
1494 383 1564 423 per
1582 375 1667 409 octo

125 432 251 484 capita
288 432 472 480 (4—12.)
500 430 615 483 Jovi,
652 433 851 486 Apol-lini,
881 432 1086 485 Neptuno,
1117 431 1254 481 Marti,
1284 431 1449 481 Veneri,
1483 431 1665 478 Hermae,

127 490 330 544 Gorgoni,
360 492 583 543 Minervae,
617 492 766 533 Junoni
796 494 977 546 deinceps
1005 493 1098 532 scite
1125 492 1430 542 maledicentem,
1459 492 1665 532 sententias

126 552 331 607 protulisse
368 553 636 607 imprudenter
672 562 711 594 et
747 554 975 594 inconsulto.
1040 553 1092 593 Et
1135 552 1338 593 Julianum
1386 552 1512 607 aeque
1552 559 1668 606 atquc

128 628 262 655 omnes
290 615 466 656 homines
491 616 636 656 maiore
655 616 870 656 eruditione
897 616 1082 656 absurdas
1111 615 1159 654 de
1187 615 1258 655 diis
1286 615 1437 656 tabulas
1463 630 1533 670 pro
1561 628 1669 656 mere

125 676 296 717 confictis
325 676 528 727 habuisse,
566 677 605 717 id
635 676 812 718 Gesnero
839 676 1086 717 contendenti
1111 690 1190 716 non
1217 683 1294 727 oet,
1336 677 1441 730 quod
1478 689 1667 731 repugne-

126 751 223 777 mus.
280 737 467 778 Attamen
505 739 649 778 fallitur
684 739 836 778 dicens:
895 737 1025 787 „Quin
1062 739 1144 790 ipse
1169 737 1352 780 Julianus
1388 739 1481 779 iocis
1508 740 1555 777 in*
1577 739 1667 778 deos

127 799 215 838 illos
254 799 547 840 eunomium&
602 799 690 839 Hoc
726 799 919 839 mehercle
955 812 1005 838 ex
1035 798 1264 838 Caesaribus
1301 799 1400 839 effici
1426 813 1504 839 non
1528 805 1667 852 potest.

130 860 369 900 Adscribere
395 860 490 900 libet
518 867 639 901 totum
669 861 717 901 de
744 875 821 913 quo
847 874 974 900 sermo
1003 867 1060 900 est
1086 860 1211 900 locum
1232 862 1275 907 ¹).
1338 861 1449 909 „Kal
1477 861 1499 900 ὃ
1524 861 1669 912 Ἐρμῆς

126 922 283 970 βλέψας
310 922 408 972 πρὸς
436 922 504 961 τόν
523 924 715 973 Μάρκον,
745 923 820 961 Σοὶ
846 923 903 968 δὲ,
932 920 1053 968 εἶπεν,
1083 922 1248 971 σοβαρὲ,
1277 923 1322 960 τί
1342 923 1555 961 κάλλιπον
1583 924 1668 962 ἐδό-

127 998 188 1022 κει
210 984 284 1021 τοῦ
304 983 397 1031 βιόυ
417 983 530 1029 τέλος
550 980 670 1031 εἶνσις
701 983 786 1022 Καί
803 982 847 1027 ὃς
865 983 997 1034 ἠρέμα
1018 983 1086 1021 καί
1105 983 1338 1033 σωφρόνως,
1362 983 1416 1022 Τό
1436 987 1668 1032 μιμεῖσθαι,

127 1044 221 1094 ἔφη,
249 1045 343 1090 τούς
372 1044 494 1090 θεούς
508 1073 621 1083 .....
670 1044 771 1084 Ἀλλ’
801 1044 938 1093 ἔγωγε,
968 1041 1088 1090 εἶπεν,
1118 1044 1196 1094 οὐχ
1226 1040 1323 1096 ᾗπερ
1345 1042 1417 1083 οὖν
1437 1044 1549 1097 ᾤμην
1576 1047 1669 1091 τούς

129 1105 252 1150 θεοὺς
279 1109 513 1156 μιμεᾱῐθαι,
542 1106 666 1157 ταύτῃ
700 1105 1005 1156 προσεφερόμην
1034 1106 1141 1143 σιτία
1169 1106 1237 1144 καί
1254 1105 1375 1143 ποι-α’·
1404 1105 1448 1143 τὸ
1478 1108 1598 1154 σῶμα
1626 1107 1669 1145 δὲ

129 1166 311 1217 ἔτρεφον,
342 1166 441 1212 ἴσως
468 1167 543 1215 μὲν
573 1168 747 1216 ψευδῶς,
776 1168 1016 1215 πειθόμενος
1046 1167 1100 1216 δὲ,
1129 1165 1192 1206 ὅτι
1219 1167 1287 1205 καί
1314 1167 1362 1205 τὰ
1391 1166 1565 1217 ὑμέτερα
1595 1168 1669 1206 σώ-

126 1236 235 1274 ματα
266 1229 396 1265 δεῖται
424 1229 494 1278 τῆς
524 1230 567 1266 ἐκ
597 1229 677 1265 τῶν
707 1228 1022 1276 ἀναθυμιάσεων
1050 1230 1272 1278 τροφῆς...
1292 1231 1310 1249 “
1367 1227 1475 1280 Ergo
1504 1227 1669 1278 Marcus,

126 1288 267 1328 stoicus
294 1287 361 1327 ille
388 1289 559 1328 maxime
585 1302 762 1337 severuS,
800 1302 871 1341 pro
908 1302 1051 1341 magna
1077 1302 1146 1328 sua
1173 1288 1359 1328 modestia
1386 1288 1553 1341 primum
1581 1289 1669 1328 sim-

126 1349 276 1401 pliciter
312 1349 384 1398 ait,
421 1363 462 1389 se
500 1350 592 1389 deos
620 1350 759 1389 imitari
788 1350 976 1402 optimum
1008 1349 1198 1399 iudicare,
1237 1356 1275 1389 et
1302 1350 1449 1389 verbis:
1502 1351 1593 1398 „nai
1618 1352 1666 1389 τά

128 1410 303 1461 ὑμέτερα
317 1440 424 1450 .....
443 1414 461 1433 “
512 1409 695 1451 Julianus
722 1424 892 1450 errorem
920 1410 1150 1460 stoicorum,
1185 1425 1262 1463 quo
1289 1411 1370 1451 deis
1398 1425 1559 1465 corpora
1586 1425 1668 1451 esse

129 1472 167 1511 hi
195 1474 396 1524 putabant,
425 1472 606 1525 detegere
634 1472 728 1512 vult.
784 1472 847 1511 De
874 1473 1048 1511 irrisione
1076 1472 1281 1523 quominus
1310 1473 1383 1512 hoc
1410 1472 1496 1512 loco
1525 1474 1665 1526 cogite-

128 1547 236 1581 mus,
279 1539 462 1572 contextu
503 1547 617 1584 quam
648 1534 817 1573 maxime
844 1534 1104 1586 prohibemur.
1163 1532 1308 1572 Contra
1336 1534 1584 1573 vehementer
1611 1534 1665 1572 lu-

129 1594 188 1633 dit
217 1593 437 1647 Triephm,
472 1594 503 1632 si
533 1593 689 1646 quidem
726 1593 965 1634 iuriiurando
992 1607 1061 1647 per
1088 1592 1230 1633 Jovem
1267 1601 1305 1633 et
1331 1594 1480 1647 reliqua
1509 1596 1667 1634 numina

129 1656 305 1695 faciendo
334 1655 430 1694 nihil
458 1656 616 1695 omnino
636 1656 779 1697 tribuit.
823 1655 929 1695 Idem
960 1656 1125 1708 pertinet
1152 1656 1199 1695 ad
1228 1656 1391 1696 alterum
1419 1657 1560 1706 locum,
1591 1670 1666 1709 quo

127 1716 310 1756 Julianus
342 1718 510 1768 Τρυφήν
537 1724 575 1756 et
603 1718 801 1757 Ἀσωτιάν
819 1716 923 1756 Deae
952 1717 1262 1757 comminiscitur.
1297 1717 1388 1770 lpse
1414 1718 1485 1757 sibi
1515 1731 1666 1757 causam

128 1778 230 1816 dicat
242 1776 426 1818 Julianus
436 1782 487 1825 2):
517 1778 627 1827 »Ὁδὲ
641 1782 963 1824 Κωνσταντῖνος,
985 1778 1062 1828 οὐχ
1082 1779 1280 1829 εὑρίσκων
1300 1781 1342 1818 ἐν
1358 1784 1471 1825 θεοῖς
1485 1782 1558 1818 τοῦ
1574 1782 1666 1828 βίου

126 1840 171 1877 τό
205 1839 443 1889 ἀρχέτυπον,
473 1839 643 1889 ἔγγυθεν
662 1840 734 1889 τήν
756 1839 923 1890 Τρυφήν
943 1840 1126 1886 κατιδών,
1155 1840 1303 1891 ἔδραμε
1329 1841 1424 1891 πρὸς
1446 1841 1582 1891 ου’-τήν.
1617 1842 1670 1879 ‘H

125 1900 169 1937 δὲ
201 1899 465 1948 ὑπολαβοῦσα
493 1903 685 1949 μαλακαῖς
719 1901 788 1938 καὶ
815 1902 1090 1951 περιβαλοῦσα
1119 1907 1202 1947 τοῖς
1238 1902 1405 1952 πήχεσι,
1440 1904 1599 1947 πεπλοι’ς
1627 1916 1667 1939 τε

125 1961 248 1999 αὐτόν
278 1964 471 2007 ποικίλοις
501 1961 716 2012 ἀσκήσασα
736 1962 805 1999 καί
824 1964 1112 2000 καλλωπίσασα
1133 1962 1229 2013 πρὸς
1256 1963 1328 2013 τήν
1345 1963 1542 2003 Ἀσωπίαν
1564 1963 1667 2013 ἀἠή-

130 2025 287 2072 γαγεν.“
346 2021 512 2061 Ridetur
539 2029 575 2061 et
605 2023 877 2074 perstringitur
905 2021 1181 2062 Constantinus
1210 2022 1377 2075 Magnus
1394 2027 1439 2072 ³),
1470 2037 1547 2065 non
1576 2025 1667 2063 item

128 2082 222 2121 deae
267 2083 409 2133 Τρυφή
451 2089 489 2121 et
523 2083 709 2123 Ἀσωτία.
767 2083 867 2122 Nam
911 2083 1014 2135 quod
1059 2097 1191 2123 earum
1230 2085 1373 2123 mentio
1409 2084 1472 2122 fit:
1519 2098 1564 2124 co
1602 2085 1665 2123 vix

126 2144 331 2195 quisquam
371 2158 449 2183 una
486 2158 572 2183 cum
604 2144 780 2184 Gesnero
820 2145 1047 2193 offenditur3
1085 2152 1200 2197 atque
1237 2159 1306 2198 per
1342 2146 1514 2198 singulas
1553 2146 1666 2185 etiam

124 2205 237 2243 huius
266 2205 354 2242 libri
384 2211 510 2256 partes
538 2204 686 2244 ‚Juliani
727 2206 882 2258 propria
917 2218 1010 2257 erga
1038 2205 1128 2244 deos
1156 2206 1276 2258 pietas
1305 2207 1442 2245 emicat
1470 2213 1507 2245 et
1533 2206 1666 2245 elucet.

252 2265 314 2304 Ac
342 2279 499 2318 prorsus
529 2265 693 2305 eundem
723 2265 905 2306 Julianus
933 2279 974 2304 se
1002 2266 1211 2318 praebebat
1239 2273 1276 2306 et
1315 2267 1354 2305 in
1392 2267 1595 2307 scribendo
1631 2274 1667 2306 et

122 2327 161 2365 in
189 2325 390 2379 republica
417 2327 600 2378 gerenda,
632 2335 674 2366 ut
702 2327 861 2366 deorum
882 2326 1124 2366 adversarius
1142 2328 1281 2379 aliquis
1299 2328 1371 2367 sibi
1400 2328 1565 2380 gratiam
1586 2329 1665 2367 eius

180 2524 203 2558 ¹)
229 2521 278 2553 Cf.
305 2519 510 2561 ,,Ἰουλιάνου
535 2523 729 2563 managa&
764 2533 831 2555 von
854 2523 985 2555 Lasius
1008 2523 1084 2562 (mit
1105 2523 1198 2555 einer
1227 2523 1373 2556 Vorrede
1395 2534 1461 2555 von
1484 2522 1667 2565 Spanhei‘m

228 2572 312 2604 *iiber
332 2572 460 2614 qriecla.
486 2571 609 2614 Satyre
632 2573 706 2605 und
728 2576 807 2605 rom.
839 2572 979 2612 Satire).
1028 2572 1256 2613 Greifswalde
1279 2576 1384 2614 1770,
1402 2583 1442 2614 p.
1467 2575 1533 2606 126
1553 2575 1589 2614 ff.

179 2623 207 2664 ²)
233 2622 284 2655 Cf.
310 2625 344 2656 ⁷1.
369 2626 473 2654 Καισ.
497 2633 529 2665 ρ,
557 2623 618 2657 138
642 2623 676 2657 ff.
1233 2647 1239 2654 .

177 2675 204 2714 ’J
229 2673 280 2705 Cf.
306 2676 409 2708 Καίσ.
442 2674 463 2708 1.
488 2684 515 2709 c.
539 2684 571 2715 p.
595 2675 655 2715 58,
689 2675 745 2707 ubi
768 2674 919 2715 Jupiter,
951 2674 984 2706 in
1008 2674 1261 2707 Constantinum
1284 2674 1443 2716 Magnum
1474 2676 1666 2717 respiciens,

227 2724 390 2766 loquitur:
427 2725 518 2766 „dij-⁹
552 2724 594 2756 οὐ
617 2727 761 2766 θεμιτὸν
787 2727 871 2756 εἴσω
905 2726 1040 2766 φοιτᾶν,
1076 2723 1182 2763 εἶπεν,
1221 2725 1338 2767 ἀνδρὶ,
1362 2728 1411 2767 μ»)
1442 2728 1484 2758 τὰ
1521 2725 1666 2769 ἡμέτερα

229 2777 301 2814 ζηλο
308 2775 374 2808 &Vn
389 2777 418 2809 “⁴
